3394 5626
417 405 507 466 CYlil
529 405 797 466 exeantatottts
819 405 1070 468 ARGUMENTA.
1519 408 1545 460 ix

25 533 115 592 sitnisi,
125 531 214 583 aliseos
224 531 325 582 oembet
339 532 425 594 dmts.
435 535 533 586 omnino
544 535 724 586 sebcnetoiunr

25 603 142 652 eumden
151 603 258 654 memus
268 616 311 653 eos
322 603 460 667 prebebat:
470 606 542 656 mans
554 607 661 656 medicos
670 619 724 655 coa·

26 675 162 736 mochimi
170 678 307 734 emacules
315 680 436 724 curarent.
469 675 560 726 Eodem
572 675 685 738 consilio,
698 680 725 723 ut

27 743 88 806 deun
101 743 238 794 menis
253 744 314 794 inter
326 757 369 794 eos
386 745 498 806 aleretur,
515 747 645 796 ornamina
660 745 725 796 insti·

29 817 62 862 tit
69 842 91 849 -
98 819 147 864 cue.
158 817 198 865 lll.
207 819 297 877 Pompa
302 815 360 878 cyri
371 816 476 878 primmn
487 829 501 865 e
513 829 577 878 regna
586 815 726 880 prodeuntis

27 886 45 932 ri
54 885 90 934 iata
99 899 162 934 mors.
193 886 270 936 Sacris
280 887 384 948 peractis
395 887 515 937 habentur
530 887 581 937 ludi
592 891 726 952 equestres.

26 956 118 1006 tenue
127 969 176 1006 rum
186 957 278 1006 immine
290 955 385 1018 plebeio
396 958 486 1008 esacis
497 958 640 1020 colloquitur
652 957 682 1006 de
691 955 725 1006 di·

25 1029 104 1076 n'tinura
113 1028 191 1090 pedo,
199 1028 267 1090 eique
276 1026 357 1076 manis
366 1028 429 1078 boae
440 1041 484 1078 sua
492 1026 566 1077 donat
577 1028 625 1088 its,
637 1028 727 1090 etipse

25 1097 174 1159 alemanna
184 1098 240 1147 sads
252 1098 284 1146 sit
293 1097 323 1146 ad
335 1097 427 1147 rictum
436 1103 460 1148 et
471 1099 562 1148 mutum
574 1097 682 1162 accipiat.
695 1125 726 1134 —

24 1172 64 1216 tar,
71 1171 102 1217 lt.
110 1169 193 1218 amieos
199 1168 405 1231 cramteoaririo
412 1169 554 1232 cyrus,ubi
562 1170 610 1232 joci
617 1169 727 1219 liberales

24 1252 56 1286 nea
67 1239 213 1288 desiderum.
244 1239 341 1301 Nuptiis
353 1243 480 1303 llystaspoe
493 1253 549 1289 oum
564 1239 667 1302 Gohryae
679 1239 728 1288 lilia

23 1309 117 1358 nausa
126 1313 207 1359 eeteos
215 1309 330 1358 mnrirus
338 1321 394 1358 eam
405 1309 546 1360 muneribus
557 1309 663 1358 dimittit.
688 1313 728 1359 So

22 1381 130 1442 riospartim
139 1379 229 1430 muna
241 1379 342 1430 maduit
352 1381 440 1442 partim
452 1393 534 1430 mum
546 1380 667 1442 Babylone
677 1393 726 1430 ma·

23 1463 61 1498 sere
69 1451 168 1511 camut,
178 1463 237 1514 quos
248 1464 334 1500 omnes
345 1456 395 1500 mm
406 1451 481 1500 duces
490 1465 563 1514 mam
574 1451 663 1500 militas
675 1463 726 1500 mu·

23 1521 91 1570 arabus
98 1525 163 1572 ormt.
193 1515 284 1570 Amicis
294 1524 320 1570 et
334 1520 475 1582 proceribus
490 1519 628 1570 convocatis
643 1532 727 1570 omnes

24 1605 62 1638 rua
70 1590 347 1654 opmsupesostendtt.
355 1617 387 1626 -
395 1593 493 1641 cmv.
504 1591 560 1652 cyri
569 1591 593 1638 in
605 1589 727 1640 Persidem

22 1663 270 1724 summaquense
278 1665 412 1710 castrorum
420 1661 480 1710 ratio
487 1660 638 1710 describitur.
649 1661 728 1722 cyrus

23 1731 43 1779 ad
50 1735 152 1792 inaurea
160 1731 300 1791 devertitur,
307 1745 323 1780 a
331 1745 381 1794 qim
389 1731 438 1780 filia
449 1730 560 1781 etltedia
570 1729 633 1780 dotis
643 1729 728 1779 locoei

24 1803 99 1849 rusa.
123 1801 238 1863 cambysis
254 1802 399 1851 anctontate
413 1805 482 1864 pacta
496 1799 558 1850 liunt
571 1799 651 1861 jurata
666 1799 728 1850 iuter

25 1871 450 1935 lnmcrmmquederegnol‘orsioo.
476 1871 593 1932 (traxeris
602 1869 675 1918 filiam
685 1869 727 1918 du·

25 1941 129 1991 manaem
142 1945 223 2004 cyrus.
241 1969 273 1978 -
288 1946 348 1992 car,
363 1945 406 1990 vl.
422 1944 536 2003 satrapas
551 1939 727 2003 provinciarum

25 2013 123 2073 tatami,
131 2013 210 2076 quibus
221 2011 325 2062 undem
337 2024 432 2061 morum
443 2010 594 2074 disciplinam
608 2022 728 2060 commen·

26 2081 169 2146 etqueupud
178 2084 254 2147 ipsum
264 2083 292 2132 in
302 2083 362 2133 urbe
372 2081 471 2132 obtinet
498 2083 599 2143 legans
610 2079 728 2138 instituit,

25 2153 196 2211 munerentur
202 2151 341 2216 prosim
350 2152 450 2214 obeent;
460 2163 561 2214 ungaros
570 2151 627 2200 item
635 2163 678 2200 seu
689 2163 728 2198 ro·

26 2221 96 2268 marias
103 2222 239 2286 dspurdtper
248 2221 431 2284 statimesmui
442 2221 555 2285 epistolas
565 2233 660 2270 summa
669 2220 729 2270 cele·

26 2290 71 2342 sea
77 2305 205 2356 quecunque
214 2294 346 2356 peterem.
379 2293 435 2342 Asia
443 2291 499 2342 inde
510 2303 524 2340 a
533 2290 602 2353 syria
610 2303 687 2352 nsque
698 2290 729 2338 ad

26 2373 68 2408 aare
75 2363 155 2412 rabum
164 2367 313 2428 Egyptoque
326 2363 417 2412 domita
425 2362 533 2412 habitare
543 2359 648 2410 instituit
657 2359 730 2408 modo

27 2431 109 2490 aarum
118 2432 180 2482 modo
188 2433 255 2482 susis
265 2433 342 2482 modo
350 2432 484 2484 Ecbatanis.
491 2458 522 2467 -
529 2433 587 2480 car.
597 2432 651 2478 vll,
664 2432 730 2478 Som-

26 2500 163 2552 mummius
171 2517 196 2552 se
207 2508 275 2566 parat
286 2501 318 2550 ad
329 2501 464 2552 discessum
474 2513 505 2550 ex
520 2499 564 2548 hac
576 2499 636 2549 rita.
670 2497 728 2560 cyri

27 2573 186 2622 combustio
194 2573 224 2622 ad
236 2573 303 2622 tilios
314 2578 339 2622 et
350 2570 448 2620 unicos.
458 2597 490 2608 -
499 2573 561 2621 cta.
573 2572 641 2619 Vlll.
652 2567 729 2631 Epiio·

28 2649 200 2692 nsrmmemomt
211 2645 297 2707 scyri
309 2643 426 2694 insututis
436 2641 552 2692 dotasse
562 2642 731 2703 Persaspostc·

28 2711 222 2766 mactatores
231 2728 289 2766 essa
298 2713 380 2764 ramos

250 2859 420 2882 ⁴00⁸-—

118 2991 234 3069 CYRI
266 2988 564 3068 EXPEDITIO.

256 3293 376 3354 LIBER
395 3292 420 3352 1.

18 3419 238 3492 tlisti-Cyrrsminor,
247 3433 399 3495 canopaea
407 3430 556 3494 mortno,ob
565 3429 733 3493 Tissaphernis

32 3495 192 3566 emaum
204 3509 365 3553 Artaxermm
382 3502 477 3550 tratrem
493 3513 573 3562 regem
585 3500 733 3564 periclitatur

33 3566 95 3616 eris
111 3573 150 3621 Sed
158 3574 196 3622 rix
205 3573 291 3623 matris
300 3573 439 3622 interventu
448 3571 609 3636 precibusque
617 3571 733 3620 liberatus

33 3641 242 3705 “heumanmus
261 3657 277 3692 a
292 3641 367 3693 Dario
386 3641 514 3706 prefectus
526 3645 590 3701 erat,
603 3641 732 3699 renuimus,

34 3709 74 3754 reni
83 3713 191 3772 rapiditate
201 3728 248 3763 non
261 3714 349 3762 minus
364 3725 437 3774 mam
455 3711 535 3761 iratris
551 3711 607 3761 odio
620 3709 733 3759 incitatus

35 3771 161 3844 sturm,
176 3787 215 3834 sed
230 3783 385 3842 clnculum,
397 3781 481 3832 multis
492 3781 567 3846 copiis
580 3785 633 3830 tum
649 3779 732 3829 barba·

36 3855 86 3895 siun
94 3855 133 3900 tun
147 3857 279 3904 timueram
290 3853 339 3902 enh
350 3851 451 3902 dirersis
465 3851 541 3901 titulis
552 3851 658 3914 undique
669 3863 732 3898 conr·

36 3917 146 3974 mat
159 3923 240 3974 cahide
256 3937 305 3972 suo
315 3923 415 3971 mmdlo
432 3920 613 3971 dissimulando.
628 3947 657 3956 —
673 3921 732 3970 Gna.

37 3983 55 4027 ¹¹·
66 3989 164 4052 amn,
174 4007 220 4057 quo
232 3994 313 4058 copiae
326 3997 502 4052 marcuerant,
516 3991 675 4055 proficiscitur
691 4005 734 4053 per

38 4051 109 4134 [tissa.
125 4063 238 4126 Phrygiam
253 4063 388 4125 majorem,
407 4061 551 4126 Lycaoniam
572 4067 596 4111 et
615 4061 733 4124 superatis

37 4123 204 4202 illustratibus
220 4134 335 4198 persenit
357 4137 458 4183 Tarsum
477 4133 562 4182 metus
586 4136 689 4196 quatuor
709 4135 734 4182 et

38 4195 347 4268 timiiritttradiesquinque
358 4206 382 4252 et
399 4203 583 4265 qninquaginta,
604 4202 649 4251 iter
665 4213 731 4264 para·

38 4272 268 4324 moneamur
278 4273 599 4336 vigintiduarumemcnsus.
632 4272 734 4322 Celaenis

38 4341 116 4395 ’ΨΜ
126 4341 243 4392 Clearchus
262 4357 323 4392 suas
336 4344 416 4406 copias
433 4355 489 4392 cunt
507 4345 571 4404 Cyro
593 4339 732 4390 :celebrant

40 4399 278 4480 [incandescens
301 4428 309 4460 ε
328 4415 379 4460 bam
398 4411 493 4462 advenit
514 4415 614 4475 Epyana
632 4411 733 4461 cilicum

42 4483 97 4552 Ἦ,
110 4481 167 4542 tuias
182 4485 276 4534 hortatu
296 4483 329 4532 ad
339 4483 458 4546 'lyaeum
473 4483 607 4532 instituitur
622 4481 734 4531 decursio

42 4551 127 4624 With
136 4553 157 4600 ia
166 4567 209 4616 qua
217 4553 328 4602 barbaris
338 4555 451 4602 terrorem
460 4551 602 4614 jocularium
616 4551 734 4600 incutiunt

43 4613 217 4673 ‘aetianam
225 4625 373 4674 occiduntur
381 4625 458 4672 Perse
467 4621 549 4686 perfidi
564 4637 569 4670 :
582 4621 651 4671 Tarsi
662 4625 733 4684 Syen·

45 4689 119 4736 Nar
132 4693 209 4742 cdtse
220 4693 318 4744 tandem
336 4691 499 4742 remociliatus
517 4697 608 4754 cyrum
627 4691 734 4754 pecuniis

46 4755 142 4804 ΝΜ·-
155 4765 207 4812 Cae.
225 4765 267 4814 lli.
281 4761 356 4813 Tarsi
373 4762 423 4812 dies
441 4763 522 4822 viginti
539 4761 626 4812 ntorart
644 4765 733 4822 cyrtam

46 4827 214 4882 'scursonem
230 4833 332 4891 tethdo,
353 4832 407 4894 spui,
428 4831 538 4895 suspicati
558 4830 734 4894 expeditionem

47 4895 172 4950 “vitame
185 4917 274 4965 mean,
283 4903 430 4954 clearchum
440 4901 547 4966 progredi
564 4906 687 4964 regentem
699 4900 734 4949 la-

49 4959 292 5024 tteseeonmr.
328 4971 389 5030 nae,
404 4971 462 5021 aun
479 4973 542 5022 nori
557 4969 687 5032 neritinus,
704 4969 734 5019 n-

51 5029 259 5108 ¹{iitttcseipsarorn
269 5043 415 5094 mentium
427 5047 562 5092 mutinum
574 5053 642 5103 esse,
654 5054 733 5090 recon-

60 5108 337 5178 ”sbndiauaatmom
347 5117 651 5180 qui,eofflladifficultate
659 5116 735 5165 inrito

28 5219 29 5228 r
55 5172 168 5234 ianm
177 5187 474 5250 demensissimas
485 5187 592 5251 uiasque
607 5186 734 5236 nonnullos

101 5267 205 5314 thomos.

798 535 911 598 minuat,
929 537 970 599 qui
986 535 1017 586 de
1028 535 1127 586 coasilio
1145 535 1217 597 hujus
1230 533 1389 596 expeditionis
1405 533 1550 596 interrogent

799 607 897 668 Cyrum.
929 605 987 666 lllc,
999 619 1025 655 re
1043 619 1099 655 vera
1115 605 1278 663 dissimulata,
1299 617 1354 653 curo
1374 604 1549 664 respondisset,

800 689 827 725 se
845 681 928 726 contm
945 677 1102 728 Abrocomam
1119 675 1238 739 quendam
1259 675 1347 724 ducere
1368 690 1375 722 ε
1394 673 1485 732 Graeci,
1508 687 1550 736 spe

801 745 912 808 stipendii
928 746 1028 808 angendi
1048 746 1095 796 sibi
1114 745 1190 805 taem,
1211 745 1236 794 in
1254 745 1354 808 gratiam
1377 745 1477 794 redeunt
1494 757 1550 792 cum

802 819 874 877 cyro.
894 845 925 854 —
936 821 994 868 css.
1012 821 1054 867 lv.
1072 817 1130 866 lude
1146 819 1223 878 cyrus
1239 815 1396 879 proficiscitur
1412 817 1491 876 lssos;
1508 813 1551 862 uhi

800 889 872 938 simul
890 889 989 952 appellit
1008 886 1092 937 dussis
1115 888 1172 949 cyri
1195 885 1477 948 Lacedaemoniommque
1495 897 1550 934 curn

801 958 956 1021 septingentis
972 957 1160 1008 Eacednmoniis
1175 955 1237 1006 duce
1247 956 1403 1018 chirisopho,
1420 957 1444 1004 et
1456 953 1487 1002 ad
1505 957 1550 1015 cy-

800 1043 854 1078 rum
864 1029 994 1078 adreniunt
1001 1041 1097 1091 quoque
1108 1027 1273 1092 quadringenti
1284 1027 1361 1077 Graeci
1369 1062 1376 1088 ,
1385 1025 1427 1088 qui
1438 1025 1469 1074 ab
1478 1025 1550 1074 Abeo

800 1113 869 1148 coma
885 1099 1028 1150 deiecerant.
1060 1099 1121 1148 ilinc
1138 1099 1256 1162 superatis
1268 1097 1335 1146 facile
1347 1101 1370 1145 et
1382 1096 1433 1145 sine
1447 1095 1496 1144 ullo
1508 1094 1550 1142 im-

800 1169 938 1232 pedimento
962 1169 1051 1220 Ciliciae
1077 1169 1199 1230 Syriaeque
1221 1167 1309 1230 portis,
1323 1179 1385 1228 quas
1408 1165 1552 1214 Alrmronaas

800 1239 951 1301 deseruerat,
974 1253 1017 1302 per
1036 1238 1128 1302 syriam
1144 1239 1190 1287 iter
1206 1237 1263 1286 iacit
1284 1239 1363 1299 cyrus
1380 1240 1404 1284 et
1425 1235 1490 1284 uenit
1504 1237 1552 1296 lily·

801 1311 938 1371 riandrum;
949 1309 990 1360 ubi
999 1310 1087 1360 xenias
1098 1314 1123 1359 et
1134 1309 1216 1368 Pasio,
1233 1307 1336 1356 naribus
1348 1306 1484 1355 clanculum
1497 1317 1551 1353 con·

801 1381 906 1442 coensis,
928 1385 991 1442 cyro
1004 1379 1107 1430 deceno
1127 1379 1227 1428 domum
1249 1381 1426 1427 revertuntur:
1449 1387 1552 1438 quornm

801 1449 937 1502 discessum
945 1455 1024 1516 cyrus
1037 1463 1108 1513 aequo
1118 1449 1198 1499 animo
1211 1450 1271 1498 terre
1282 1447 1384 1496 ridetur.
1417 1445 1475 1498 lude
1484 1443 1553 1506 boje-

801 1525 841 1572 cto
856 1522 931 1572 Chalc
947 1526 1025 1571 castra
1043 1524 1147 1570 metatur
1158 1519 1183 1568 in
1201 1518 1260 1568 ricis
1279 1517 1445 1580 Parmenio:
1462 1515 1503 1566 ubi
1521 1515 1552 1564 ad

802 1594 880 1643 tontes
891 1593 1007 1643 bardanis
1019 1593 1098 1652 rems,
1114 1591 1254 1656 pretorium
1273 1593 1297 1638 et
1308 1589 1447 1652 paradisum
1463 1587 1553 1640 Belesis

802 1665 878 1727 syrie
890 1669 992 1726 sahapm
1011 1663 1129 1712 devastet.
1162 1661 1221 1710 lude
1233 1673 1288 1709 eum
1306 1661 1459 1723 Tirapsacum
1476 1664 1501 1709 et
1521 1659 1552 1708 ad

801 1735 950 1797 Euphratem
961 1734 1079 1792 venissen
1097 1745 1149 1782 sate
1161 1730 1320 1794 expeditionis
1338 1730 1465 1780 consilium
1476 1729 1554 1793 operit

805 1807 911 1868 Grecis,
923 1805 966 1870 qai
976 1803 1028 1866 ejus
1040 1803 1165 1868 promissis
1181 1801 1278 1851 escitni
1294 1801 1391 1850 undem
1407 1801 1553 1864 Euphratem

803 1874 936 1938 trajiciunt,
954 1874 1021 1924 initio
1040 1873 1102 1923 iacto
1113 1887 1128 1922 a
1138 1875 1248 1923 Menona.
1264 1897 1296 1907 -
1310 1873 1367 1921 car.
1381 1871 1412 1919 V.
1431 1873 1494 1919 Tum
1512 1883 1555 1934 per

802 1945 983 2009 Mesopotamia
995 1945 1107 1994 tralatam
1129 1944 1199 2006 juxta
1215 1941 1361 2005 Euphratem
1388 1943 1477 2003 quanta
1497 1953 1553 1990 eum

803 2017 925 2075 eeleritate
934 2020 1040 2080 poterat,
1058 2014 1181 2076 iterfacit,
1201 2027 1266 2075 saepe
1278 2025 1326 2061 non
1345 2013 1396 2062 sino
1410 2012 1554 2074 mmnarite

802 2086 970 2137 difficulateet
977 2087 1140 2150 jumentorum
1148 2083 1261 2146 strageoh
1268 2081 1348 2146 pabuli
1360 2081 1473 2145 inopiam.
1491 2085 1552 2132 Tan·

803 2157 859 2207 dem
875 2171 930 2208 urm
947 2169 960 2206 e
976 2157 1071 2220 regione
1088 2155 1248 2206 charmandae
1267 2153 1387 2204 exercitus
1406 2151 1556 2204 consedisset

803 2227 949 2277 trumentum
965 2229 1172 2288 commeatumque
1188 2223 1341 2288 comparandi
1360 2224 1435 2286 gratia
1453 2238 1459 2272 :
1478 2223 1555 2274 steu-

803 2297 863 2347 chus
875 2296 934 2346 duni
945 2309 987 2360 per
1003 2296 1110 2346 lienonis
1121 2299 1200 2344 castra
1213 2294 1317 2358 equitat,
1331 2291 1504 2358 propemodum
1523 2293 1556 2342 la·

803 2367 900 2432 pidihus
909 2367 1019 2417 obruitur
1030 2366 1170 2416 amilitibos
1183 2365 1250 2415 iratis
1259 2367 1397 2428 propterea,
1407 2363 1472 2426 quod
1484 2363 1556 2427 paulo

804 2444 859 2490 ante
868 2439 969 2488 militem
978 2437 1037 2488 credi
1046 2438 1159 2499 jusserat.
1193 2437 1254 2486 ilinc
1260 2449 1316 2484 cum
1326 2447 1364 2484 res
1373 2434 1404 2483 ad
1414 2433 1554 2484 seditionem

804 2509 947 2573 etpraelium
957 2511 1089 2571 spectaret,
1107 2507 1245 2556 interventu
1256 2507 1281 2555 et
1291 2505 1396 2554 oratione
1414 2505 1516 2554 Proxeni
1532 2511 1556 2554 ct

804 2580 909 2634 maxime
920 2579 977 2641 cyri
986 2578 1120 2627 animorum
1139 2577 1244 2640 impetus
1254 2575 1390 2638 reprimitur
1406 2573 1483 2638 iisque
1494 2587 1556 2624 eom·

804 2651 882 2716 posita
897 2649 1052 2713 conquiescit
1071 2675 1102 2684 -
1112 2649 1171 2698 cae.
1187 2651 1230 2697 vl.
1241 2649 1303 2696 Tum
1315 2648 1417 2696 Orontes
1428 2649 1555 2695 Persarum

804 2721 981 2782 nobilissimus,
993 2720 1034 2784 qui
1042 2717 1091 2781 iam
1100 2717 1139 2768 bis
1149 2729 1205 2768 curu
1217 2721 1281 2780 cyro
1296 2717 1430 2780 ingratiam
1440 2715 1556 2774 redierat,

805 2793 903 2844 terbum
912 2791 1013 2842 deficere
1022 2789 1052 2839 ad
1064 2802 1143 2852 went
1152 2793 1252 2839 conatur
1266 2802 1271 2836 :
1289 2787 1345 2848 sed,
1358 2787 1451 2837 insidiis
1463 2800 1506 2849 per
1515 2786 1555 2835 ho-

805 2865 909 2926 minem,
924 2875 997 2925 quern
1008 2863 1101 2910 cenum
1120 2859 1236 2923 putabat,
1249 2859 1362 2921 proditis,
1374 2856 1555 2921 comprehendi-

805 2938 855 2994 tur,
865 2939 890 2984 et
902 2931 999 2982 sceleris
1010 2931 1147 2987 convictus,
1156 2927 1187 2978 da
1199 2927 1317 2978 semoth
1328 2926 1437 2978 clearchi
1446 2927 1556 2976 aliorum·

805 3017 867 3067 que,
877 3015 938 3065 quos
949 3005 1027 3064 cynas
1044 3002 1231 3060 convocaverat,
1243 2997 1328 3060 capitis
1339 2997 1479 3056 damnatus,
1491 2997 1554 3046 elam

806 3073 918 3124 emedio
935 3072 1035 3122 tollitur.
1055 3096 1087 3106 -
1104 3072 1163 3119 cae.
1185 3069 1238 3120 vlt.
1262 3066 1416 3130 Babyloniam
1435 3067 1556 3128 ingressus

806 3149 898 3208 emus,
911 3157 968 3193 cum
983 3155 1064 3203 regern
1076 3139 1191 3204 postridie
1201 3139 1274 3189 altore
1286 3137 1462 3202 susptmretur,
1475 3139 1557 3200 copias

805 3216 892 3267 lustrat
903 3217 929 3264 et
944 3212 1043 3262 instruit
1058 3210 1137 3261 media
1154 3210 1207 3274 ipsa
1225 3213 1295 3260 nocte
1311 3211 1428 3258 :Graecos
1448 3201 1557 3258 hortatur

806 3285 884 3348 iisqne
901 3280 998 3348 praemia
1011 3279 1130 3344 promittit
1143 3280 1275 3343 magnilica.
1309 3278 1367 3328 lnde
1378 3279 1428 3328 acie
1440 3277 1557 3328 instructa

805 3365 945 3419 progressus
956 3356 1053 3415 superat
1067 3349 1152 3413 facile,
1165 3352 1260 3407 nemine
1271 3348 1430 3414 impediente,
1439 3348 1530 3396 lessam
1542 3361 1557 3396 a

806 3437 860 3486 rege
880 3421 986 3472 ducum.
1017 3420 1097 3470 Silano
1118 3420 1252 3484 haruspici,
1268 3432 1324 3468 eum
1347 3417 1400 3479 ejus
1418 3416 1557 3466 vadendum

806 3493 932 3558 probasset
942 3495 1058 3552 eventus,
1071 3489 1142 3540 solvit
1153 3489 1279 3554 premium
1296 3488 1457 3550 promissum,
1472 3491 1496 3536 et
1507 3487 1557 3550 opi·

806 3577 881 3624 nans,
890 3575 970 3624 umam
984 3561 1104 3626 pugnandi
1116 3559 1242 3610 masiliam
1253 3557 1383 3619 abiecisse,
1398 3557 1443 3606 iter
1452 3555 1509 3604 tacit
1517 3569 1557 3604 ne·

806 3631 944 3696 gligeatius.
965 3657 996 3668 -
1017 3635 1075 3682 coa.
1097 3631 1163 3680 vtn.
1184 3627 1290 3678 Tandem
1316 3629 1402 3688 preter
1421 3625 1557 3688 opinionem

805 3707 949 3754 Artaxerxes
958 3715 1013 3752 cuna
1025 3699 1130 3750 sueretu
1141 3699 1235 3760 egregie
1247 3698 1364 3748 mahucto
1373 3694 1555 3758 appropinquat.

806 3777 887 3838 cyrus
907 3774 979 3836 igitur
998 3775 1023 3822 et
1037 3769 1116 3820 Graeci
1135 3768 1256 3832 trepidant
1267 3772 1304 3827 et,
1317 3779 1348 3816 ne
1359 3763 1468 3828 imparati
1480 3765 1556 3827 oppri-

806 3850 911 3904 mantur,
925 3843 1033 3894 emente
1046 3855 1112 3890 amaa
1127 3839 1258 3902 expediunt
1276 3839 1399 3900 aciemque
1419 3836 1549 3885 instruunt.

807 3917 898 3976 Graeci,
908 3915 964 3978 qui,
975 3925 1122 3976 quamquam
1139 3912 1203 3972 cyro
1211 3909 1302 3967 inrito,
1320 3905 1430 3956 dextrum
1448 3906 1558 3955 obtinent

806 3999 881 4038 cornu
889 3985 958 4047 iusta
969 3983 1129 4046 Euphratem,
1142 3979 1224 4028 statim
1234 3977 1311 4041 prium
1324 3976 1413 4038 impetu
1427 3975 1493 4024 laede
1505 3973 1558 4024 bar·

807 4057 878 4107 beros
890 4055 937 4104 sibi
948 4052 1072 4115 oppositos
1081 4051 1104 4098 in
1116 4049 1196 4110 togam
1210 4047 1365 4110 compellunt.
1398 4048 1476 4112 cynrs
1487 4057 1557 4104 rero,

806 4141 862 4178 cum
877 4130 903 4176 et
913 4125 965 4188 ipse
974 4124 1056 4172 hostes
1070 4121 1095 4170 in
1112 4119 1192 4180 largam
1204 4118 1375 4174 consentisset,
1394 4115 1444 4164 suis
1464 4114 1557 4164 hostem

807 4197 893 4261 cupide
903 4191 1116 4259 persequentibus,
1133 4189 1216 4252 paucis
1229 4187 1330 4250 stipatus
1340 4185 1451 4236 fidelibus
1460 4185 1556 4244 amicis,

807 4267 866 4317 dnm
874 4263 985 4329 cupidius
997 4266 1087 4326 pugnat
1098 4271 1225 4322 regemque
1235 4258 1314 4321 ipsum
1325 4257 1398 4320 petit,
1408 4255 1556 4304 interficitur.

806 4365 838 4375 —
849 4341 909 4388 cnr.
925 4338 967 4385 lli.
983 4331 1125 4385 confinetur
1145 4330 1185 4378 hic
1202 4329 1259 4392 cyri
1278 4325 1413 4377 enmrnium
1430 4339 1557 4388 moresque

807 4410 859 4472 ejus
878 4405 972 4456 honesti
988 4402 1164 4454 deseribuntur.
1197 4398 1250 4448 Etsi
1267 4398 1315 4446 tato
1336 4395 1466 4458 impeditos
1485 4405 1558 4456 regno

807 4479 898 4542 potitus
909 4487 958 4524 noa
973 4479 1029 4524 est:
1049 4472 1081 4521 ob
1090 4471 1203 4520 virtutem
1219 4473 1299 4517 umen
1313 4479 1385 4528 regno
1402 4463 1557 4526 dignissimas

804 4549 927 4611 indicatus
944 4551 990 4594 est.
1023 4547 1086 4592 Puer
1097 4541 1176 4590 adbuc
1185 4539 1275 4602 optima
1289 4541 1417 4588 Persanrm
1432 4533 1557 4596 disciplina

806 4619 933 4668 mauman
947 4613 1015 4665 brari
1031 4611 1164 4674 equalibus
1180 4607 1293 4672 praestitit
1305 4603 1438 4663 monasth,
1451 4615 1506 4663 erga
1521 4613 1558 4650 se·

806 4685 1024 4748 nioresobsequio,
1036 4681 1160 4746 equitandi
1177 4679 1270 4739 studio,
1279 4689 1349 4726 mons
1363 4672 1478 4723 hactmrdi
1494 4673 1518 4720 et
1525 4671 1561 4731 ja·

807 4762 916 4810 culorum
935 4755 1107 4805 mittendorum
1127 4751 1224 4815 peritia,
1235 4754 1260 4798 et
1270 4748 1373 4796 terarum
1388 4745 1425 4792 rel
1440 4740 1557 4790 teracissi-

807 4841 900 4880 marum
912 4825 1074 4877 secandarum
1089 4821 1178 4872 studio.
1211 4819 1314 4870 Adultus
1326 4821 1372 4864 eta
1386 4818 1453 4876 patro
1463 4814 1557 4872 sahapa

807 4899 952 4952 mnstitutus
975 4896 1068 4958 egregia
1088 4894 1185 4942 antuus
1207 4888 1337 4954 specimina
1358 4885 1441 4934 edidit.
1473 4879 1556 4930 Fidens

807 4971 871 5023 enim
880 4969 961 5020 datam
970 4971 1052 5018 sancte
1061 4964 1167 5014 samarit
1177 4979 1182 5011 :
1194 4963 1218 5011 ln
1227 4959 1330 5010 amicitia
1340 4953 1438 5003 colenda
1448 4952 1493 5000 tuit
1502 4965 1556 5001 oon·

808 5047 874 5092 stans
886 5055 892 5088 :
904 5045 931 5089 ut
940 5039 965 5088 in
978 5033 1073 5100 justitia
1088 5033 1220 5084 exercenda
1233 5027 1409 5088 sceleribusque
1429 5023 1557 5088 puniendis

808 5110 989 5169 serenssimus,
1001 5107 1034 5156 ita
1045 5119 1100 5168 erga
1114 5106 1190 5154 bonos
1207 5101 1327 5160 sortesque
1344 5096 1409 5146 rhos
1418 5094 1555 5147 muniiicon·

808 5182 919 5233 emimus
935 5183 960 5231 et
976 5191 1028 5228 rent
1049 5177 1150 5226 honeste
1165 5170 1338 5233 aimttirentiurn
1357 5163 1451 5226 adjutor
1464 5163 1555 5213 eutitii

1472 5245 1485 5286 b
