3394 5626
466 315 713 378 nlepsncntcl
734 315 987 379 ARGUMENTA.

21 445 227 510 mpessamamquod
235 452 300 508 agat,
315 447 469 497 rebmssnter
480 447 525 496 sibi
537 447 632 510 placet;
648 444 705 508 quia

21 533 76 566 moes
82 519 127 566 besti
135 529 157 566 ee
165 519 259 567 lanient
270 517 301 566 ad
314 530 407 567 omnam
420 518 570 580 redduntque
582 521 705 580 puriorum

23 587 99 638 mum
116 587 245 651 parumpem.
283 592 448 650 Syracusanus
475 601 543 638 snam
569 587 706 638 felicitatem

26 659 223 708 elbeabmlcum
232 658 343 718 stultitia,
352 659 394 721 qni
407 659 534 722 prestigiis
548 663 573 708 et
583 662 705 720 spectacu-

27 729 45 776 is
51 730 120 777 laicali
130 729 204 778 dmlei
212 729 272 780 node
280 729 404 779 commode
413 730 495 780 rivere
504 729 589 792 possit
622 730 704 778 Socra·

28 797 123 860 ninom
136 799 269 848 denuostrat
280 800 444 864 praestantiam
454 804 480 849 et
495 800 622 850 utilitatem
641 799 704 849 leno

26 869 58 916 dei
68 871 84 916 l.
98 883 114 916 r.
128 869 177 918 artis
196 869 314 918 mmmam
332 869 524 920 benemimtiam
540 871 585 920 sibi
604 871 706 937 aliisque

23 939 211 989 amiud-car.
223 943 252 988 ll.
272 943 387 990 Narratur
402 943 523 990 certamen
539 942 647 1004 lepidum
656 945 704 1008 ple·

21 1021 89 1070 amque
101 1007 217 1058 denarum
231 1009 262 1058 da
280 1011 460 1072 pulchritudine
476 1011 537 1061 inter
551 1014 702 1064 critobuium

20 1077 56 1126 ea
69 1080 168 1130 tumeam
180 1085 202 1131 et
213 1083 334 1131 socratm
350 1082 476 1143 insigniter
498 1082 643 1146 deformem,
662 1087 705 1150 qui

20 1150 149 1198 mescone.
159 1150 327 1212 ironice‚suam
337 1152 491 1203 commended
499 1153 705 1217 lormam,oculos

20 1218 188 1278 astunensem
202 1233 297 1280 omnm,
307 1226 338 1269 os
353 1221 475 1284 amplum,
489 1237 571 1273 crassa
585 1225 659 1285 labia,
680 1232 705 1278 et

20 1288 81 1333 noim
89 1289 239 1340 similtudinem
248 1305 305 1340 cum
316 1291 405 1341 silenis
416 1292 534 1342 Naiadum
543 1293 600 1344 tiliis
612 1311 617 1344 :
631 1302 704 1360 atque

20 1359 118 1406 tarmus
129 1359 277 1421 discessisset,
293 1359 389 1424 judices
407 1368 532 1426 corruptos
550 1379 605 1415 esse
621 1366 705 1429 jocose

20 1429 219 1488 mutes-canii.
228 1435 400 1495 Hermogenem
407 1433 487 1483 adum
494 1439 612 1486 tacmtem
621 1441 704 1488 soora·

20 1497 95 1576 lateri
103 1501 201 1563 samnia<
211 1517 293 1565 rogans
309 1517 358 1552 non
372 1504 424 1554 sine
435 1503 490 1566 joco
506 1509 595 1556 excitat
611 1509 642 1557 ad
655 1523 703 1560 ser·

20 1569 139 1618 mmmm.
165 1575 441 1633 syracusanusolieasus
457 1577 549 1626 Socrmi
565 1578 704 1630 convicium

20 1633 67 1716 hmo
85 1640 153 1702 isiplt.
180 1643 223 1692 scd
244 1646 332 1706 partim
350 1647 455 1696 socratis
475 1648 593 1698 modestia
616 1650 705 1714 partim

20 1707 118 1786 unumne
138 1713 312 1776 mterpellatione
342 1717 511 1767 condeiatoris
535 1718 704 1782 importunitas

20 1783 133 1838 ruminat
142 1783 272 1842 mulctatur.
285 1811 317 1822 -
329 1789 389 1836 car.
402 1789 463 1848 Vll,
476 1790 542 1838 vill.
558 1792 705 1840 Smratesde

20 1857 150 1930 acerrumo
158 1852 315 1917 disponimus
322 1855 407 1918 inraso
420 1857 451 1907 de
465 1858 705 1921 nequitussnttsme

20 1919 153 1971 sussiciens
165 1923 272 1985 quassus
287 1925 404 1976 exhibeat
420 1934 568 1990 conquestus
583 1929 703 1980 honestio-

20 1987 113 2062 oulsilie
119 2002 208 2042 amorem
219 1993 301 2043 iaudat
312 2001 388 2060 atque
401 1997 459 2046 hinc
469 1997 555 2049 docere
568 2001 704 2062 aggreditur

20 2051 104 2106 amabi
112 2073 157 2109 ema
166 2063 276 2122 gravitate
284 2069 310 2114 et
318 2067 391 2128 copia
396 2103 403 2128 ,
413 2071 504 2130 quanio
510 2073 663 2131 praestantior
672 2072 704 2122 sit

20 2129 112 2186 munci
125 2137 181 2180 onus
190 2147 218 2184 ar
228 2134 281 2195 ejus
292 2135 376 2187 indole
391 2142 416 2187 et
425 2125 505 2190 auimo
521 2153 593 2202 quam
606 2142 678 2204 isqui
689 2155 703 2190 e

20 2193 81 2270 ptis
98 2203 183 2262 colpum
199 2203 272 2254 lorme
292 2211 319 2257 et
339 2220 370 2262 es
388 2207 508 2258 obsooenis
527 2211 703 2274 cupiditatibus

20 2271 79 2340 ‘stu
86 2295 108 2305 -
116 2274 164 2320 car.
175 2277 211 2324 tt.
223 2277 325 2327 saltatio
335 2278 431 2328 mimica
440 2280 537 2331 exhibet
546 2283 635 2333 Bacebi
644 2297 702 2334 oum

20 2335 399 2403 mecummetmnrtvium
407 2349 538 2400 concludit.

928 193 941 222 Ι

1458 319 1531 395 xxiij
1641 281 1645 288 Ι

780 444 1100 508 bamanttegeeetcurjurr
1108 443 1531 508 mansuetudinem-uss.

778 517 809 564 11.
817 515 949 566 Obscurius
957 514 1341 566 locutusauctordeterrcstribns
1350 513 1534 566 Atheniensium

778 586 854 649 copiis
865 586 972 637 ostendit
980 599 1036 650 quoe
1045 586 1171 636 commoda
1182 585 1230 636 illis
1241 585 1425 650 proficiscantur
1436 583 1534 634 ommis

780 656 888 720 imperio.
921 657 1065 708 communia
1082 657 1134 706 aire
1156 656 1251 720 publica
1270 656 1382 719 qumdom
1405 654 1436 704 ad
1459 667 1533 704 usum

779 727 885 778 trucium
896 728 980 792 populi
991 727 1109 777 instituta.
1141 729 1237 778 bursus
1246 725 1420 781 accommodis
1431 739 1445 776 a
1460 724 1533 774 maris

778 799 886 862 irnperio.
919 802 948 848 ln
965 797 1074 864 populari
1090 797 1192 861 imperio
1210 797 1300 847 ioedera
1320 797 1415 846 iacilius
1433 807 1534 858 impune

778 868 898 918 violantur
909 883 982 932 quam
995 869 1019 916 in
1036 881 1167 930 paucomm
1183 867 1327 930 principatu.
1359 865 1465 930 Populus
1481 878 1533 928 per·

778 940 862 1002 stringi
871 944 896 990 et
905 939 1038 989 maledictis
1047 937 1110 988 allici
1119 937 1176 988 unit
1184 949 1247 1002 quos
1256 937 1316 986 odit.
1327 964 1357 974 -
1367 941 1425 988 css.
1439 939 1483 986 111.
1496 938 1533 985 De

777 1011 857 1060 musis
868 1023 911 1060 cur
922 1011 980 1060 socri
992 1008 1119 1060 difficulter
1135 1009 1235 1059 Athenis
1244 1007 1285 1069 jus
1296 1021 1369 1058 sunm
1385 1019 1532 1070 cousequan-

778 1083 827 1129 tur.
859 1084 886 1130 lu
896 1079 1054 1130 seditionibus
1063 1079 1163 1130 aliarum
1173 1078 1300 1128 civitatum
1310 1091 1371 1142 quas
1380 1081 1460 1140 paries
1467 1081 1533 1126 tuea-

777 1155 856 1202 iuret
874 1153 935 1202 tueri
951 1151 1038 1200 debeat
1053 1151 1158 1213 populus
1173 1149 1333 1200 Atheniensis.
1366 1148 1490 1208 Qumritur
1501 1158 1533 1195 an

774 1220 929 1270 democratia
940 1221 1075 1270 umendum
1086 1220 1119 1268 sit
1127 1218 1158 1268 ab
1169 1218 1269 1282 ἀτίμοις.

1032 1384 1034 1387 ,
1068 1375 1202 1394 ψ..

880 1496 952 1572 DE
980 1493 1396 1574 VECTIGALIBUS.

747 1667 828 1716 curor
837 1667 856 1714 l.
870 1669 907 1716 lie
920 1669 991 1715 terrea
1004 1664 1090 1716 Atticm
1102 1667 1188 1714 natura
1198 1663 1231 1712 ad
1242 1661 1364 1714 redituum
1375 1661 1480 1712 rabones
1491 1673 1533 1710 au·

776 1735 866 1798 gendes
879 1739 951 1800 aptae.
959 1763 991 1772 -
999 1739 1058 1786 css.
1070 1738 1103 1786 11.
1118 1739 1153 1786 Dc
1162 1734 1234 1790 modo
1245 1733 1348 1796 augendi
1357 1745 1486 1785 numerum
1497 1731 1532 1780 io·

776 1807 1029 1869 quilianum-css.
1037 1803 1377 1870 lilllecommodisqurssint
1383 1801 1535 1854 concedenda

776 1877 950 1928 mercatoribus
966 1880 994 1928 ut
1005 1891 1088 1926 eornm
1099 1878 1195 1940 negotia
1208 1876 1301 1928 meruti
1313 1875 1413 1939 prosint.
1429 1901 1461 1910 -
1472 1877 1532 1926 (isa.

779 1951 820 1998 ill.
837 1951 874 1998 De
896 1947 1126 2009 ugentilodinarum
1144 1949 1168 1998 io
1185 1947 1262 2003 tillim
1281 1945 1365 2010 copiis.
1405 1943 1534 2004 Quomodo

775 2031 807 2067 ex
818 2017 996 2080 argentifodinis
1008 2018 1102 2068 tructus
1118 2017 1150 2070 ad
1160 2031 1210 2067 rem
1222 2016 1345 2078 pubiicum
1356 2015 1435 2067 redire
1446 2013 1532 2078 possit.

775 2088 942 2152 llespoadetur
953 2089 983 2138 ad
993 2103 1022 2138 aa
1033 2102 1088 2151 quae
1100 2089 1155 2152 quis
1167 2087 1239 2137 morlo
1248 2087 1319 2136 dicus
1328 2092 1353 2137 et
1365 2085 1533 2150 superioribus

775 2164 888 2222 opponat.
898 2162 994 2209 —csn
1007 2162 1038 2209 v.
1054 2158 1092 2210 sd
1102 2158 1192 2209 tuenda
1204 2157 1326 2220 vectigalia
1336 2170 1396 2220 pace
1407 2169 1469 2219 opus
1478 2168 1533 2206 essa

775 2229 917 2280 ostenditur.
927 2256 959 2265 -
970 2232 1027 2283 car.
1042 2233 1085 2280 Vl.
1099 2233 1324 2280 commemorantur
1338 2225 1465 2278 commoda
1480 2238 1532 2290 per-

775 2299 844 2351 icctis
854 2300 927 2351 rebus
935 2298 996 2359 iliis,
1006 2298 1036 2349 de
1047 2299 1136 2362 quibus
1147 2298 1238 2348 dictum
1249 2303 1301 2360 est,
1313 2299 1344 2348 ad
1359 2297 1482 2348 duleum
1495 2309 1532 2345 re-

776 2371 921 2433 dundatura,
930 2368 1074 2433 additurque
1084 2383 1133 2419 uon
1141 2370 1193 2420 sine
1201 2367 1301 2419 numine
1308 2369 1409 2420 deorum
1421 2367 1467 2417 ista
1478 2378 1533 2417 esse

666 2449 667 2456 ’
775 2441 930 2492 instituenda.

244 2509 374 2530 -000—

20 2597 204 2684 munnulus
227 2619 688 2694 LACEDAEMONIORUM.

20 2773 54 2814 m.
63 2771 76 2816 l.
83 2774 168 2828 usuale
179 2781 279 2844 Lycurgi
292 2781 326 2837 de
339 2783 452 2846 melagio
463 2789 487 2836 et
498 2785 530 2842 de
538 2789 702 2850 procreatione

25 2836 199 2899 com-essu,
210 2855 387 2916 Depuerornm
397 2853 547 2910 memnone.
576 2863 701 2918 Quatenus

20 2901 187 2997 'immemorem
199 2921 360 2979 masculorum
372 2927 525 2977 manasserii.
536 2956 567 2976 -r
577 2933 637 2984 cae.
654 2935 700 2982 ill.

22 2973 179 3038 lttblrstmtmm
188 2989 321 3056 disciplina.
328 3021 361 3030 -
372 2997 430 3046 csr.
441 2999 484 3051 Ν.
494 3001 530 3049 Dc
539 2999 657 3051 institutis
666 3004 701 3052 ri·

20 3055 241 3134 &cymeriorum
247 3070 330 3116 etate
339 3093 371 3102 —
381 3069 439 3117 esa
450 3071 481 3122 V.
490 3071 641 3132 Depbiditiis
649 3075 701 3125 sire

20 3111 122 3174 lemtim
135 3131 226 3191 publico.
256 3139 293 3187 De
310 3150 410 3201 corpore
427 3151 470 3202 pro
485 3141 558 3190 modo
573 3142 621 3192 cibi
635 3155 704 3194 enen

22 3185 71 3236 (ab
79 3198 151 3246 -cm
164 3204 202 3252 li.
214 3207 249 3255 lle
259 3219 320 3256 cara
331 3213 355 3256 et
367 3221 414 3258 usu
423 3211 545 3258 communi
556 3211 701 3276 liberorum,

22 3263 125 3344 ”mci
137 3267 250 3323 bonnam.
263 3303 294 3313 -
312 3279 373 3328 car.
389 3281 443 3328 v11.
457 3281 548 3334 tiberis
564 3283 702 3336 bominibus

21 3328 108 3382 urbm
118 3341 209 3420 nudum
218 3343 343 3397 interdixit
351 3350 488 3411 Lycurgus,
499 3355 524 3400 et
534 3365 563 3402 ea
574 3354 625 3404 sola
636 3369 702 3406 exer-

20 3405 286 3482 'maerensmaerens
298 3417 397 3470 libertas
407 3425 511 3470 consul.
523 3449 554 3458 -
564 3427 623 3474 car.
633 3429 700 3479 vill.

22 3461 127 3582 &man
136 3485 302 3544 uagisirmibas
318 3494 344 3537 et
360 3489 451 3554 legibus
467 3495 629 3555 precandam
645 3511 702 3549 cum

40 3541 212 3624 timulpcngns
219 3557 342 3620 impressit
352 3561 484 3624 spartanis,
498 3567 549 3614 tum
559 3567 702 3620 auctoritate

24 3607 93 3664 ‘iiim
103 3619 199 3682 Buthro
210 3653 240 3664 —
252 3632 312 3679 cur.
322 3633 364 3684 lii.
376 3634 477 3694 ignavos
486 3639 511 3683 et
519 3636 629 3694 imbelles
638 3638 701 3702 igno·

24 3683 180 3770 Quullrplms
190 3699 280 3758 genem
292 3701 389 3749 notam
397 3705 534 3766 Lycurgus,
549 3707 609 3756 adeo
621 3713 648 3758 ut
660 3711 701 3760 bo·

20 3753 168 3860 {Q
178 3773 276 3818 mortem
287 3770 352 3833 turpi
365 3771 423 3822 rite
434 3775 580 3837 praeferrent.
594 3805 617 3814 -
641 3782 699 3830 car.

47 3821 254 3888 tludimsmnesm
262 3843 627 3906 ematumlegcndissubeundo.
660 3855 701 3902 ss·

20 3893 76 3988 ''⁵¹‘'
83 3897 179 3986 illumne
185 3910 295 3961 omnum
305 3911 401 3966 civibus
409 3916 576 3968 necessitatem
588 3920 702 3984 imposuit

20 3965 232 4050 wilmintune
242 3981 388 4036 colendi-
402 3988 462 4036 car.
481 3989 523 4044 lii.
537 3992 574 4038 Do
589 3991 640 4042 acie
657 3994 701 4041 La-

23 4035 104 4140 ''Q-
115 4043 215 4098 car.lill.
228 4053 263 4109 lie
278 4065 306 4102 rc
321 4056 445 4106 castrensi.
457 4083 489 4092 -
503 4060 562 4108 car.
581 4063 645 4112 lilll.
666 4065 702 4114 De

20 4103 111 4217 »ffb
120 4115 139 4160 et
147 4127 233 4170 nouere
249 4123 314 4184 regis
324 4123 349 4172 in
358 4123 421 4177 beiio
446 4131 472 4180 et
482 4127 513 4178 dc
526 4133 577 4178 tota
591 4131 647 4182 belli
663 4147 701 4196 ge-

20 4181 235 4290 jmltittm-csn
245 4195 309 4244 xlv.
326 4199 362 4248 De
373 4195 503 4259 depravata
520 4203 621 4266 Lycurgi
631 4203 701 4253 disci-

64 4251 280 4322 v-Csr.xll.tnraot
289 4266 512 4332 commodaregiset
520 4277 592 4334 pacta
601 4273 701 4336 singulis

20 4305 195 4406 [mamaeae
204 4333 299 4386 eston
309 4343 430 4388 mnaseas

243 4483 374 4504 ¹¹⁹0-

20 4555 243 4677 uiuamus
271 4605 694 4690 suunumusinu.

20 4719 53 4780 Μ
65 4744 76 4789 ¹·
85 4749 154 4806 Μαι
162 4757 256 4816 nstituit
262 4768 377 4831 populum
385 4769 555 4822 Atheniensem
566 4771 651 4823 callide
660 4787 699 4828 res

20 4801 126 4922 ΨΜ.
134 4833 157 4908 ol
165 4833 246 4884 Qum
256 4839 393 4902 popularem
405 4845 537 4893 moereat.
570 4845 606 4892 De
617 4856 698 4895 sorro-

30 4887 617 4998 uzfl‘tttnrmnmapudatbeoiensascouditione.
651 4913 699 4964 ito·

20 4960 189 5060 mitilianum
197 4977 698 5056 socordiaeiniquitailsetoraritatisstbe·

34 5037 111 5129 ew·
127 5039 168 5088 tiu
180 5041 231 5094 bear
242 5047 286 5096 riri
301 5049 324 5099 ln
335 5051 409 5100 socia
424 5052 562 5104 civitatibus
579 5067 593 5104 a
608 5055 698 5118 populo

20 5189 21 5240 1
53 5105 226 5164 waimarus,
256 5120 696 5177 socisoarnonoonoedatarutsoas

20 5249 21 5274 l

1073 2597 1205 2619 ...ος-η..Ἰ

904 2731 976 2808 na
1005 2729 1075 2806 nu
1103 2727 1384 2829 sponsum.

744 2907 835 2956 eror.
848 2907 868 2956 l.
889 2905 1017 2963 Quomodo
1027 2905 1083 2968 quis
1100 2903 1204 2955 indolem
1220 2903 1328 2968 generosi
1345 2902 1404 2966 pulli
1421 2905 1530 2966 spectare

775 2976 874 3035 debeat,
893 2989 923 3025 ne
939 2975 1140 3028 circumveniatur
1151 2975 1175 3024 iu
1194 2976 1307 3024 emtione.
1321 3001 1352 3010 -
1369 2977 1427 3024 car.
1446 2975 1479 3024 ll.
1495 2976 1531 3023 lie

775 3043 907 3096 educandis
918 3045 1000 3109 pullis.
1015 3073 1047 3082 -
1057 3049 1116 3096 car.
1130 3048 1173 3099 lii.
1186 3049 1222 3096 De
1233 3044 1325 3094 ratione
1336 3042 1460 3099 spectandi
1475 3042 1531 3110 equi

775 3117 881 3171 victoris.
889 3120 986 3168 -cae
1000 3119 1043 3170 lv.
1054 3121 1090 3167 De
1100 3130 1160 3166 cure
1170 3115 1247 3179 ipsius
1256 3111 1347 3164 domini
1358 3113 1422 3164 circa
1429 3127 1529 3178 emtum.

773 3213 804 3223 -
815 3191 873 3238 (iar.
883 3190 914 3237 v.
922 3187 1160 3250 Docuraetnegotiis
1172 3185 1406 3249 equisonis-cir.
1416 3187 1460 3244 Vl,
1474 3187 1530 3235 vn.

775 3262 812 3310 Dc
821 3259 913 3309 rabone
927 3272 1017 3322 equum
1031 3255 1208 3309 mnsocndandi
1219 3261 1244 3306 at
1258 3255 1289 3306 de
1300 3255 1418 3306 insidendi
1428 3255 1529 3306 ratione.

774 3333 810 3381 De
827 3329 899 3379 variis
910 3329 1035 3390 cursibus,
1047 3329 1137 3392 quibus
1153 3340 1242 3391 meum
1261 3329 1355 3390 eportet
1367 3326 1479 3376 exerceri.
1499 3351 1530 3361 -

774 3403 833 3450 cir.
852 3403 918 3450 vill.
937 3399 1065 3458 Quomodo
1083 3413 1161 3463 equus
1173 3398 1205 3448 sit
1216 3397 1363 3448 erudiendus
1375 3402 1405 3447 nt
1414 3397 1531 3448 umsiliat

775 3470 867 3535 iussas,
878 3471 990 3522 decurrat
1001 3485 1043 3534 per
1055 3470 1172 3530 declivia,
1184 3469 1279 3520 exsiliat
1295 3469 1319 3518 in
1337 3475 1458 3519 montana.
1492 3472 1530 3519 De

775 3543 866 3592 ratione
877 3541 1040 3592 meditationis
1050 3541 1169 3604 equestria
1180 3540 1211 3590 ud
1225 3537 1280 3590 belli
1290 3553 1377 3599 usum,
1389 3543 1414 3589 et
1425 3539 1530 3589 maxime

774 3624 830 3676 qum
840 3627 855 3662 a
864 3613 928 3666 binis
941 3611 1064 3675 spiritibus
1075 3612 1137 3660 hauc
1148 3611 1179 3660 ad
1190 3624 1241 3661 rem
1251 3611 1301 3662 lieri
1314 3609 1415 3673 possint.
1425 3637 1457 3646 -
1468 3613 1529 3659 cau.

775 3687 817 3734 lx.
827 3683 887 3748 Equi
898 3684 989 3733 ieroces
999 3682 1120 3746 quomodo
1130 3684 1178 3732 sint
1194 3682 1319 3732 tremendi.
1330 3684 1430 3731 —cum
1448 3683 1478 3730 x.
1493 3685 1530 3731 llo

775 3754 835 3808 ireoi
844 3756 935 3804 ratione
942 3757 967 3803 et
975 3767 1021 3802 usu
1030 3754 1060 3802 ad
1069 3753 1125 3816 equi
1134 3753 1244 3803 habitum
1253 3755 1279 3802 et
1288 3752 1392 3816 speciem
1403 3751 1529 3802 eilorman·

774 3825 838 3875 dam.
848 3852 880 3861 -
887 3827 998 3875 canili.
1008 3825 1056 3883 Qui
1063 3823 1118 3888 equi
1127 3829 1153 3874 et
1161 3822 1283 3886 quomodo
1292 3823 1385 3885 possint
1392 3821 1491 3883 erudiri,
1502 3826 1530 3871 ut

774 3897 877 3947 subinde
886 3896 1002 3946 anteriora
1019 3897 1144 3958 magnilica
1161 3896 1186 3944 in
1200 3895 1277 3944 altum
1289 3895 1412 3944 extabant.
1427 3919 1459 3928 —
1470 3897 1529 3944 car.

774 3969 828 4018 lili.
841 3971 877 4018 Da
888 3967 962 4017 manis
972 3966 1124 4030 equestribus
1133 3970 1158 4016 et
1169 3965 1199 4015 de
1209 3965 1344 4027 iaculorum
1356 3964 1481 4014 missione.

1053 4121 1216 4144 “fimb-

931 4249 1336 4329 HIPPARCHICUS.

743 4422 825 4472 Gerar
838 4423 859 4470 1.
876 4420 1019 4470 suumratim
1037 4419 1229 4483 perstringantur
1244 4418 1323 4470 officia
1340 4419 1448 4481 magistri
1461 4419 1528 4483 eqni·

773 4497 834 4542 tum.
867 4491 994 4550 Quomodo
1011 4491 1122 4554 mwster
1138 4491 1247 4556 equitum
1264 4491 1379 4555 perticere
1395 4490 1484 4554 possit,
1501 4494 1528 4540 ut

774 4562 893 4624 sitjnslus
902 4564 1011 4626 equitum
1020 4576 1150 4623 numerus,
1163 4563 1218 4626 equi
1230 4562 1362 4622 commodi,
1375 4562 1431 4612 boni
1442 4565 1467 4610 ot
1477 4573 1525 4609 ma·

772 4633 835 4683 desti
844 4633 946 4696 equites,
954 4636 979 4682 et
986 4632 1123 4696 probabiles
1132 4633 1232 4684 tribuni.
1242 4657 1272 4670 -
1283 4637 1343 4684 car.
1354 4636 1386 4683 tl.
1398 4637 1434 4683 De
1443 4629 1527 4680 ordine

772 4705 881 4768 equitum
888 4704 918 4753 ad
930 4703 1014 4756 itinera
1023 4704 1102 4752 omnis
1111 4705 1204 4766 genens
1215 4705 1417 4754 collocandomm.
1425 4705 1525 4752 -csac

772 4779 815 4825 ill.
828 4778 865 4825 llo
874 4775 964 4824 rabone
973 4779 997 4824 et
1006 4774 1089 4824 ordine
1097 4774 1281 4834 decessionum,
1291 4787 1347 4838 quae
1356 4787 1401 4837 per
1407 4771 1491 4822 urbem
1500 4776 1526 4822 et

771 4859 815 4910 per
824 4845 959 4909 gyrnnasia,
968 4845 1054 4908 parlim
1064 4845 1183 4908 roligionis
1190 4847 1277 4911 partim
1285 4843 1431 4894 lustrationis
1438 4855 1525 4906 causa,

771 4915 926 4967 instituendae
937 4919 1003 4965 sunt.
1015 4941 1047 4956 -
1058 4918 1118 4966 car.
1130 4919 1173 4964 tv.
1186 4920 1222 4966 ne
1236 4914 1361 4964 itineribus
1374 4913 1399 4964 in
1412 4911 1477 4963 bello
1491 4913 1524 4963 b·

771 4986 870 5036 ciendis.
898 4982 1525 5050 luiepraecepmbelumotegerendi,spmmsrima

770 5056 845 5119 copiis
858 5056 960 5118 amuis.
970 5083 1002 5092 -
1012 5059 1071 5106 cnr.
1082 5059 1114 5106 v.
1124 5056 1204 5106 varie
1213 5055 1319 5105 besuam
1328 5055 1524 5118 decipiendorum

773 5131 846 5178 artos.
858 5153 889 5166 -
900 5129 958 5178 (lar.
973 5129 1008 5178 vt
1024 5126 1150 5185 Quomodo
1168 5127 1219 5177 dun
1237 5125 1330 5176 eiicere
1347 5127 1436 5190 possit,
1454 5131 1482 5177 ut
1496 5123 1522 5177 'et
