3394 5626
434 340 628 404 fllsuotttAE
649 337 801 402 GRAECAE
822 331 1072 396 ARGUMENTA.
1515 336 1555 378 xv

43 465 736 540 namatherlrralomsunsquiperierantinpupneemeri

43 561 76 595 ron
82 546 212 606 subleuat,
220 543 300 608 eapitis
310 556 394 593 omnes
403 546 462 592 sunt
471 541 591 602 damnati,
600 541 736 600 frustraque

43 629 71 664 ee
81 614 164 664 morde
175 613 355 678 Etuyptolemus

263 763 375 824 LIBER
395 763 434 822 11.

25 905 738 972 eontmremuteortonmuhtopenurialehorabat‚ttaut

807 461 849 524 qui
856 460 958 516 luissent
966 459 991 508 in
998 457 1069 518 urhe,
1076 459 1156 506 tutum
1165 453 1212 504 sihi
1221 450 1367 504 inmloeum
1374 461 1422 498 non
1431 447 1556 511 putarent,

807 531 839 582 iis
849 535 956 594 potestas
967 533 1031 578 esset
1041 527 1154 578 Eleusina
1165 521 1289 587 migrandi.
1307 520 1388 572 Paullo
1399 521 1455 580 post
1465 527 1520 565 eum
1531 513 1557 562 lrt

807 615 837 652 er
854 600 967 652 Eleusine
979 599 1068 649 bellum
1084 599 1220 655 moverent,
1237 604 1322 643 eorum
1335 589 1439 640 ducibus
1452 586 1557 636 ciream-

809 672 886 794 ἔξιιιιίι
902 671 1058 790 ῒιιιειιίιιιιιοι
1067 670 1119 732 lege
1128 663 1256 730 ἀμνηστίας
1265 660 1396 712 disrurdias
1408 669 1494 707 omues
1506 667 1557 705 sus·

844 755 903 792 erun
917 778 922 790 .

1075 850 1188 909 LIBER
1208 847 1260 906 111.

42 979 76 1036 eiu
88 979 157 1028 *limet
169 980 333 1044 ⁰⁰¹¹³P³ffl¹ionii
348 979 410 1028 fam
421 979 508 1029 Chium
521 977 622 1040 diripere
639 977 736 1026 ΜΘΝ·
780 995 862 1042 creor
869 994 887 1042 1.
896 995 960 1054 cym
966 989 1054 1039 anaide
1061 985 1295 1038 Lacedaemoniorum
1302 982 1391 1046 petenti
1399 979 1514 1030 aduersus
1521 982 1561 1028 ar·

42 1047 71 1095 iad
80 1061 110 1096 ros
117 1050 229 1112 pmdenter
237 1051 345 1100 nohibuit
353 1055 377 1100 et
386 1053 484 1112 eroepts
497 1063 512 1098 a
523 1048 590 1098 cleiis
599 1047 700 1111 pecunia
707 1045 738 1098 iis

41 1117 89 1194 adiit
97 1119 228 1181 stipendium.
238 1121 283 1170 Sed
293 1126 373 1170 umen
383 1120 437 1171 chii
451 1119 582 1182 reliquique
591 1117 739 1167 heeedaemo

41 1188 159 1238 mousom
168 1191 235 1239 elium
243 1191 425 1254 imperatorem,
435 1194 460 1240 et
470 1187 618 1251 Lysandnrm
626 1185 738 1248 quidem,

41 1257 131 1318 pellem.
153 1260 315 1310 nomenonii
325 1261 573 1310 eutemiismiserunt
581 1263 684 1307 tracum
693 1259 738 1317 Ly·

39 1327 285 1392 adnutumulegrto
304 1331 427 1393 Lysander
438 1345 453 1379 a
464 1333 527 1393 cyro
540 1327 642 1392 petuma
650 1328 740 1376 instro·

39 1400 176 1475 ensuerunt
189 1401 331 1464 stipendium
342 1402 428 1462 solvit,
443 1406 469 1450 et
482 1399 625 1463 expugnatis
634 1385 740 1449 odorem

40 1469 189 1520 denudate
207 1472 389 1522 atheniensium
402 1471 481 1533 socia,
500 1472 598 1532 nauigat
617 1468 739 1519 Rhodum.

39 1538 154 1589 thorema
160 1545 233 1591 sotem
242 1543 332 1593 chium
342 1548 367 1592 et
377 1542 499 1606 Ephesum
508 1539 674 1591 transmittunt
680 1543 706 1590 et
714 1553 740 1590 se

38 1608 343 1684 eurtumpamnarrlem.
360 1616 422 1662 Tum
432 1611 740 1674 Lysanderllellespontum

38 1681 78 1756 pn
89 1681 256 1744 tilmpsumm
269 1689 433 1746 expugnatam
451 1682 568 1733 militibus
584 1680 741 1744 diripiendam

39 1744 89 1794 ittet
113 1749 252 1802 lthmienaes
261 1753 320 1802 item
330 1753 385 1802 illos
394 1752 511 1816 persecuti
521 1751 550 1801 sd
561 1751 741 1814 Hellespontum

40 1817 157 1900 fflffldtsl,
168 1824 191 1871 et
203 1822 233 1871 ed
245 1827 430 1887 AEgospoternos
446 1826 528 1888 spreto
542 1821 683 1882 Alcibiadis,
700 1823 742 1885 qui

40 1887 207 1970 emebabttahst,
215 1893 329 1954 oonsilio,
337 1907 393 1942 earm
401 1892 524 1956 Lysandro
531 1891 741 1955 intelicissimapu·

11 2007 13 2026 ,
40 1959 189 2022 utmgrnt,
198 1961 307 2025 imparati
315 1963 349 2012 eh
358 1963 399 2014 illo
409 1963 526 2026 oppressi.
540 1966 625 2013 conon
634 1975 690 2012 oum
701 1975 742 2012 no·

41 2036 76 2072 ten
84 2029 164 2080 arrha
172 2035 275 2095 cyprum
287 2034 319 2084 ed
327 2038 461 2096 lismonam
474 2033 551 2096 tergit:
563 2033 743 2095 reliquaomnia

39 2101 90 2174 [Pit
102 2101 333 2154 tthmiensesomues
340 2107 398 2154 sunt
407 2104 595 2155 necati-car.
603 2107 635 2154 ll.
644 2103 743 2154 Persius

40 2176 84 2241 latit
94 2179 136 2250 mm
149 2173 253 2222 nuntium
269 2175 302 2225 de
315 2175 454 2224 mlernimte
470 2174 607 2238 pertulisset
625 2175 743 2235 Athenas,

40 2247 278 2305 eleemosynasque
286 2245 536 2295 oertamobsidionem
543 2245 678 2294 tolerarent.
686 2249 743 2295 uox

40 2309 156 2390 eurem,
170 2315 406 2364 lacedemoniorum
421 2328 489 2378 rege,
502 2317 527 2364 et
542 2313 666 2378 Lysandro
681 2318 744 2365 terra

40 2385 113 2456 nar-qr?
123 2379 158 2460 den
167 2381 285 2445 mmsis,
297 2397 356 2434 eum
371 2385 442 2434 mrdti
454 2386 515 2435 teme
526 2389 682 2448 morerentur,
697 2398 744 2448 par

39 2448 284 2514 mvnaialrgibusot
293 2467 370 2504 neves
377 2453 471 2502 nonnisi
480 2452 607 2502 duodecim
617 2454 744 2515 haberent,

38 2516 244 2598 beheimi,
252 2523 470 2573 diruerentmuros
476 2521 745 2585 lmgosettaoedmmo

39 2592 126 2668 mittit
134 2592 251 2668 impetum
262 2591 395 2642 maderent.
404 2595 499 2642 -tlan
512 2595 553 2642 lll.
561 2593 665 2655 Imperio
674 2593 745 2642 Athe·

39 2661 243 2719 moerendum
253 2661 476 2724 traditoLysander
484 2665 712 2726 szmnmexpugnet
721 2667 746 2712 et

39 2733 113 2806 “etita
121 2733 163 2780 toto
175 2731 235 2782 bello
245 2735 353 2797 pecunie
363 2733 455 2782 ditatus
470 2735 579 2796 Spartam
592 2733 661 2782 redit.
695 2732 744 2782 Tri·

39 2799 113 2872 thieto
123 2811 171 2848 euni
184 2801 246 2864 leges
256 2803 412 2853 oonsoihere
424 2803 551 2864 deberent,
565 2803 744 2865 magistratibus

40 2869 204 2938 l{ttttottstitutis
216 2877 241 2922 et
255 2873 372 2936 prasidio
385 2873 556 2935 mmosmque
569 2887 584 2922 a
595 2874 746 2924 haoedaemo·

41 2941 285 3004 ltertpeitoprolubitu
297 2945 416 3006 optimum
426 2957 546 3006 quormque
555 2943 586 2992 ad
595 2951 697 2994 mortem
706 2945 747 2993 du·

41 3001 100 3054 (Μ
123 3011 201 3064 (litias
210 3013 326 3078 prinoeps
335 3014 549 3076 Trigintavirorum
558 3027 614 3064 oum
626 3027 640 3064 e
649 3015 747 3078 oollegis

40 3073 270 3154 bomemnextrne
278 3084 380 3135 haberet
388 3084 651 3146 adversarium,lenius
658 3085 747 3149 qnippe

40 3149 150 3220 tulmen,
158 3165 187 3202 ne
197 3153 253 3204 huie
268 3155 376 3218 populus
389 3168 416 3204 se
427 3155 571 3218 applicaret,
583 3168 609 3205 re
622 3167 678 3204 oum
691 3155 746 3205 reli-

39 3221 339 3282 summouentem
347 3225 679 3287 muiumlegitquisummem
688 3239 747 3274 rem·

40 3283 121 3356 ilffiwn
134 3291 283 3345 bremt
305 3311 311 3344 ι
330 3296 437 3358 reliquos
454 3307 522 3344 arma
539 3295 632 3345 tradere
652 3294 745 3356 jubent.

41 3351 77 3398 ΗΜ
86 3357 234 3414 flammeae
244 3365 270 3414 ln
282 3369 370 3415 senatu
385 3365 473 3416 critias
484 3363 625 3428 proditionis
640 3369 746 3416 amussi.

39 3421 107 3506 Q
114 3442 135 3478 te
148 3431 249 3485 delmdit
261 3434 303 3486 ille
319 3435 382 3485 adeo
398 3439 425 3484 ut
441 3439 540 3485 mustus
551 3447 608 3488 eum
623 3433 747 3485 absolvere

41 3491 80 3574 'Q
90 3497 199 3552 urim.
231 3504 283 3554 tled
299 3505 421 3556 ruamur
435 3519 496 3554 usus
509 3504 596 3555 crium
610 3509 636 3554 et
648 3505 747 3554 ermetis

41 3560 135 3647 imam
147 3572 264 3624 munem
283 3575 316 3626 aa
333 3575 482 3638 supparum
499 3575 604 3624 amnon
621 3575 698 3638 jum.
716 3603 747 3612 -

39 3634 76 3708 to.
85 3639 178 3692 illlum
186 3645 356 3708 Thrasybulus
365 3647 469 3707 Thebis,
481 3659 530 3708 quo
540 3645 611 3694 multi
620 3645 747 3696 athenien·

41 3712 163 3761 fflttsoles
171 3719 365 3779 seoontuleraut,
373 3729 428 3766 eom
435 3717 518 3780 perrois
527 3715 648 3780 protectus
656 3717 747 3780 Phylen

40 3773 124 3827 Μ·
140 3791 250 3848 uoeupat,
270 3791 298 3836 et
317 3791 439 3837 mesoente
455 3799 554 3836 suorum
570 3799 670 3836 numero
690 3801 746 3838 uror

40 3847 152 3932 'mma
162 3855 244 3917 eopias
261 3855 296 3904 ed
309 3855 512 3918 oppugnationem
528 3849 616 3917 Ph'yles
630 3857 748 3918 prolectas

41 3919 93 3984 ‚W
118 3923 316 4002 nominetenus
329 3927 478 3990 pertusiam,
488 3927 601 3978 Eleusina
614 3931 746 3990 oreupant,

41 3983 95 4034 'ffb
106 3990 181 4042 ltfim
196 3993 283 4045 fraude
299 3996 477 4048 circumventa.
509 4001 564 4047 lam
582 3997 747 4059 Thrasybulus

41 4059 86 4100 Μ
95 4059 322 4134 liraemoreupat,
334 4071 359 4116 et
369 4079 425 4116 mox
438 4067 464 4116 ln
476 4067 604 4128 ltouyohia
616 4066 695 4116 tondit
703 4067 748 4116 ad·

41 4129 303 4214 'mrqoaiupugne
311 4135 397 4186 cecidit
404 4137 499 4187 critias.
531 4135 638 4186 Tandem
646 4137 748 4200 populus

39 4187 116 4274 boeto
122 4202 327 4264 metrorum
336 4207 436 4270 imperio
442 4207 596 4258 Decemviros
602 4212 675 4256 orest.
686 4209 748 4256 curn

40 4265 747 4356 nFifffittetsttlessemegismapisqneooutirmrrrent‚rursus

40 4329 126 4388 [ΨΜ
137 4349 209 4394 metr
233 4347 342 4397 maxime
357 4348 453 4408 triginta
473 4347 579 4398 virorum
597 4361 653 4398 oum
676 4348 748 4397 tratre

39 4409 122 4482 blatto
131 4415 203 4476 teuit,
216 4421 244 4466 ut
252 4417 351 4468 exsules
360 4421 425 4468 terra
434 4417 541 4482 marique
549 4417 700 4482 obsessosad
710 4417 748 4468 de·

41 4468 121 4562 “Q
130 4487 305 4547 mnpdlmenr.
338 4491 399 4546 Quae
408 4502 447 4538 res
455 4502 511 4538 orm
520 4501 550 4538 ex
563 4489 681 4538 sententia
694 4502 747 4538 soe·

40 4541 217 4634 nai‘'tilhtftter,
233 4557 367 4608 Faustulus
381 4559 492 4608 turmam
501 4558 638 4628 lysandro,
651 4560 748 4609 nomine

41 4613 632 4700 lfflubodioetrealtseoreipss‘rtraayuuto.
665 4633 748 4692 ltatpre

41 4687 75 4734 Μ*
83 4685 132 4738 Μ
142 4706 194 4776 ⁰¹⁸¹.
203 4696 259 4760 ipso
273 4698 357 4761 praelia
372 4699 435 4748 clam
451 4699 482 4748 ad
498 4700 623 4762 utriusque
638 4700 748 4758 lectionis

43 4751 154 4812 Ques
162 4767 239 4827 malt,
249 4767 467 4832 eosquepermorit
479 4770 747 4820 uthaeedmmoniormn

42 4819 106 4874 Μ
114 4843 136 4879 tt
143 4845 230 4898 nature
239 4838 272 4886 ad
282 4839 455 4890 restituendam
464 4841 614 4890 oonrordiem
626 4840 747 4904 permitte·

42 4893 79 4970 Ψ
102 4900 262 4956 hramnus
282 4921 338 4971 erqo
354 4910 470 4960 miserunt
490 4911 625 4973 quindecim
641 4911 746 4972 legatos,

42 4969 66 5016 Ψ
77 4977 121 5018 m
133 4975 243 5028 huma
260 4991 302 5028 res
317 4979 497 5030 termimum
514 4982 552 5032 lrls
569 4979 748 5032 mnditionibus

42 5039 195 5128 Quat.
207 5049 272 5097 athi
285 5047 476 5114 lutmsepeoem
495 5051 610 5102 haberent
626 5052 691 5102 etad
703 5064 748 5101 sue

44 5107 748 5183 i''lfltmotrepraeterterepyistratosredireut;siqoieorum
768 5129 771 5150 ¹

809 1065 933 1112 tarerxem
948 1060 1046 1109 tratrem
1058 1058 1153 1108 samius
1164 1055 1300 1106 navarchus
1317 1057 1396 1102 tutum
1407 1051 1438 1100 ad
1454 1048 1560 1101 ciliciam

810 1135 908 1194 praestat
918 1131 972 1180 lter.
1005 1129 1095 1179 Granis
1108 1126 1217 1178 amedeis
1232 1129 1314 1174 eontra
1325 1122 1507 1184 Tissaphernem
1519 1131 1561 1168 au-

809 1201 867 1252 xilio
876 1201 975 1251 mittunt
984 1198 1156 1250 lacedemonii
1165 1191 1562 1254 Thlmbronem,enitthenienaes

811 1271 943 1334 adiungunt
958 1270 1064 1333 equites,
1078 1281 1140 1331 quos
1150 1267 1176 1316 in
1188 1265 1251 1316 hello
1265 1263 1343 1327 perire
1352 1260 1488 1326 oupiehent.
1522 1259 1561 1310 sie

811 1341 962 1392 mediocriter
971 1338 1203 1390 instruetuslonioas
1210 1335 1320 1385 civitates
1327 1336 1458 1394 utcumque
1470 1333 1560 1380 tuetur.

811 1415 865 1462 lam
875 1411 965 1461 Graecis
974 1408 1031 1472 cyri
1042 1421 1118 1471 nuper
1128 1407 1200 1456 sociis
1211 1416 1267 1456 eum
1276 1401 1422 1454 Thimhrone
1431 1399 1563 1460 eortiunoh's

811 1481 852 1532 hio
859 1481 974 1531 audacior
983 1479 1060 1528 lamus
1067 1477 1171 1527 etiamin
1181 1488 1266 1538 eampo
1274 1486 1331 1523 oum
1339 1470 1500 1534 Tissapherne
1508 1482 1564 1518 oon·

812 1551 973 1612 gretbebatur.
1006 1551 1119 1599 ceteram
1132 1546 1213 1610 plures
1224 1545 1334 1594 mutatas
1346 1545 1432 1604 sponte
1446 1552 1472 1588 se
1487 1537 1509 1589 ei
1523 1537 1564 1587 ed·

811 1621 956 1684 jungebant3
975 1618 1142 1669 imbecilliores
1158 1615 1277 1678 qrreadam
1296 1613 1321 1661 ui
1342 1609 1503 1674 expugnabat.
1535 1611 1563 1658 ln

812 1689 972 1754 oppugnanda
981 1688 1129 1750 Larisaque
1138 1686 1226 1736 dieitur
1235 1682 1344 1746 AEgyptia
1353 1694 1410 1730 eom
1420 1680 1508 1729 lrustre
1517 1677 1564 1728 lue·

815 1764 892 1820 reret,
907 1761 991 1822 iussus
1008 1761 1046 1808 est
1062 1757 1093 1806 eh
1111 1756 1207 1820 ephoris
1222 1767 1278 1804 cum
1296 1752 1402 1802 exercitu
1420 1751 1523 1799 transire
1541 1749 1565 1798 ln

814 1829 916 1880 Canem.
933 1825 1073 1878 Thimbroni
1085 1825 1193 1876 suoredit
1202 1821 1358 1885 lleroyllidas,
1366 1821 1495 1882 imperator
1503 1819 1566 1868 ealli-

814 1897 1056 1960 dissimus,quioum
1066 1889 1566 1958 TissaphemeseeonJungit‚etsieunom

816 1972 909 2019 tanturn
925 1967 999 2016 hebet
1010 1966 1103 2015 hostem
1119 1965 1308 2015 Pharnabazum.
1341 1960 1422 2011 hlauta
1436 1958 1506 2008 zonis
1523 1957 1567 2018 hy·

815 2038 898 2102 parohl
912 2051 974 2087 uror
987 2039 1083 2085 mortuo
1095 2035 1181 2084 marlto
1196 2034 1335 2095 impetraret
1347 2045 1362 2080 a
1373 2028 1526 2079 Pharnabazo
1541 2031 1568 2074 ut

816 2108 944 2172 satrapiam
953 2106 1033 2156 mariti
1042 2109 1161 2165 seruaret,
1173 2107 1199 2154 et
1208 2103 1300 2164 egregie
1309 2113 1394 2150 omnes
1402 2111 1441 2148 res
1451 2111 1508 2148 sues
1517 2110 1567 2159 ges·

817 2183 889 2228 seret.
922 2177 969 2228 sed
986 2189 1041 2228 eam
1056 2174 1174 2226 interleoit
1186 2173 1272 2224 llidias
1283 2172 1338 2221 tiliae
1352 2170 1454 2220 maritus
1469 2172 1568 2230 eiusque

816 2248 930 2298 ditionm
940 2247 1035 2296 invasit.
1069 2244 1106 2296 ad
1115 2257 1188 2308 quern
1198 2242 1363 2294 utcbeendum
1372 2253 1428 2290 oum
1438 2252 1465 2288 se
1473 2241 1569 2300 pararet

816 2315 1075 2377 Plrernahazus,venit
1084 2314 1231 2377 Deroyllidas
1238 2317 1263 2363 et
1272 2312 1408 2374 oomplures
1416 2309 1489 2358 urbes
1497 2308 1523 2356 in
1532 2307 1562 2356 de

817 2387 933 2438 ditionem
941 2387 1040 2450 eoepit.
1075 2377 1569 2446 cebrenernverooumoppugnarerellet,

817 2459 882 2508 eires
893 2457 969 2507 inrito
979 2456 1046 2506 urhis
1059 2454 1173 2519 praelecto
1187 2453 1211 2504 ei
1227 2465 1254 2502 se
1270 2451 1376 2501 uadunt.
1411 2450 1471 2500 llluo
1485 2447 1569 2498 adver·

817 2527 965 2580 suellidiem
975 2527 1096 2591 proiectus
1104 2525 1203 2588 Scepsio
1213 2528 1239 2574 et
1247 2522 1360 2584 Gergitha
1369 2521 1442 2570 urbes
1450 2519 1503 2581 ejus
1514 2518 1569 2566 insi

817 2598 912 2660 quiores
922 2602 977 2648 estu
988 2596 1128 2658 oocuparit‚
1143 2598 1168 2645 et
1182 2594 1274 2656 magnis
1285 2605 1346 2655 ques
1355 2590 1433 2642 Mania
1444 2589 1571 2650 oodeqerot

818 2667 926 2730 pecuniis
942 2667 1034 2716 ditems
1048 2665 1129 2716 ludim
1145 2667 1244 2727 paterna
1261 2663 1323 2712 hona
1339 2659 1471 2720 consessit,
1483 2658 1571 2708 milites

817 2738 870 2800 eius
887 2737 934 2787 sibi
948 2735 1040 2785 addixit
1050 2733 1217 2785 rneroenarios.
1230 2759 1262 2770 -
1274 2735 1331 2782 cer.
1350 2733 1382 2780 lt.
1395 2729 1457 2780 lline
1468 2727 1570 2778 Pharna·

818 2808 893 2858 batus
907 2819 963 2857 oum
974 2819 1003 2856 eo
1014 2805 1070 2854 lacit
1083 2805 1203 2864 induciam
1213 2805 1267 2866 ipse
1281 2815 1323 2864 per
1339 2801 1443 2850 hiemem
1458 2799 1571 2860 bithyno·

819 2891 873 2928 rum
896 2877 1016 2927 l'hraourn
1040 2876 1161 2936 regionem
1185 2877 1273 2922 vestm.
1311 2874 1374 2920 Vere
1399 2868 1514 2918 redeunte
1539 2865 1572 2914 ad

819 2947 979 3010 Dercyllidam
991 2949 1108 2995 emerunt
1120 2943 1192 2993 domo
1200 2943 1286 3005 legati,
1296 2941 1338 3005 qui
1353 2939 1479 3002 imperinm
1488 2938 1510 2987 ei
1519 2951 1571 3000 pro·

819 3007 935 3084 rogarent
940 3021 1093 3082 militumque
1104 3018 1230 3068 laudarent
1240 3017 1355 3066 virtutem
1372 3019 1397 3063 et
1408 3013 1568 3076 integritatem

820 3091 967 3154 Deroyllidas
975 3104 1031 3140 orm
1038 3103 1069 3139 ea
1078 3089 1164 3138 iisdem
1175 3087 1282 3136 audisset
1293 3086 1384 3148 legatos
1395 3084 1571 3134 echersonoso

821 3163 919 3226 petiisse
931 3173 947 3210 e
958 3158 1146 3210 Laoedaemoniis
1157 3162 1185 3206 ut
1195 3169 1265 3204 muro
1274 3155 1403 3205 Threcesa
1420 3153 1571 3203 chersoneso

820 3235 942 3290 arcerent,
955 3243 1040 3280 rursus
1054 3242 1109 3290 oum
1125 3226 1277 3278 Pharnabazo
1288 3229 1372 3288 paetus
1384 3223 1493 3273 inducias
1507 3221 1570 3271 istuo

820 3304 859 3350 est
871 3299 1005 3362 pmieetus,
1018 3301 1044 3347 et
1060 3297 1122 3346 muri
1134 3310 1206 3360 opere
1221 3301 1318 3345 strenue
1333 3295 1440 3358 perlecto
1456 3293 1527 3342 rediit
1545 3291 1569 3342 iu

820 3371 901 3420 asiam
910 3375 935 3420 et
945 3373 1048 3419 rtternea
1058 3368 1197 3418 acbiorum
1208 3365 1334 3417 exsulibus
1343 3368 1484 3426 oooupstem
1496 3363 1521 3411 ri
1531 3376 1570 3412 er·

821 3441 936 3503 pugnauit
944 3451 1045 3501 eamque
1054 3439 1086 3488 ite
1098 3437 1193 3487 ornavit
1201 3441 1229 3485 ιιι
1237 3437 1262 3484 in
1271 3447 1338 3495 mm,
1352 3434 1447 3497 quoties
1458 3433 1522 3482 istuc
1532 3444 1572 3480 re

821 3511 899 3571 niret,
910 3509 1036 3560 courmode
1045 3512 1127 3572 posset
1136 3507 1263 3556 dir'ertere.
1296 3505 1355 3555 lude
1369 3504 1427 3554 abiit
1438 3503 1568 3565 Ephesum.

820 3583 902 3644 Legati
913 3595 928 3631 a
939 3581 1031 3631 Graecis
1041 3579 1152 3629 Asiaticis
1164 3577 1358 3628 Leoedeemonios
1376 3574 1477 3634 doeent,
1491 3574 1570 3622 Tisse·

819 3653 936 3715 pheruem
951 3651 986 3699 its
1001 3663 1073 3712 posse
1088 3649 1140 3710 engi
1157 3653 1185 3696 ot
1198 3647 1243 3695 sihi
1259 3645 1394 3694 libertatem
1411 3642 1535 3704 redderet,
1553 3643 1573 3690 sl
1594 3649 1602 3676 ι

820 3722 903 3783 certa,
917 3720 958 3770 ubl
970 3719 1023 3781 ejus
1033 3723 1097 3768 esset
1110 3715 1275 3775 domicilium,
1288 3715 1447 3764 infestaretis.
1481 3713 1572 3762 lubeat

820 3803 876 3853 ergo
892 3790 979 3852 Ephori
997 3787 1156 3850 Deroyllidem
1170 3787 1232 3836 istuc
1251 3785 1360 3835 transhe.
1398 3786 1503 3833 Venerat
1521 3787 1574 3832 tum

820 3861 844 3911 in
857 3859 958 3910 eandem
970 3859 1065 3910 cariem
1077 3871 1134 3908 eum
1148 3856 1306 3920 Tissapherne
1317 3853 1502 3904 Pharnabazus:
1513 3865 1574 3916 quos

821 3943 877 3980 oum
887 3929 1034 3993 Deroyllidas
1042 3928 1174 3992 aooepisset
1183 3926 1332 3978 Maeandrum
1344 3937 1428 3974 rursus
1437 3923 1573 3982 transiisse,

822 4000 1019 4064 transilietipse.
1052 3995 1574 4054 lnstrurerantPersreexercitum‚uttaoe·

821 4069 967 4131 modios,
980 4081 1042 4132 quos
1052 4081 1149 4117 securos
1160 4071 1185 4117 et
1195 4066 1326 4130 dispalatos
1338 4063 1432 4127 insequi
1444 4063 1574 4127 putebant,

820 4141 951 4204 imperetis
966 4139 1136 4202 opprimerent.
1176 4137 1223 4187 sed
1245 4135 1393 4196 Dercyllidas
1406 4147 1461 4182 oum
1477 4133 1574 4195 propius

820 4205 1443 4270 acoemissetreooqoiteeonleshrnsnosedpngnam
1453 4202 1573 4252 instruxit.

822 4279 870 4330 Sed
880 4278 1053 4342 Tissaphernes
1063 4283 1129 4328 metu
1141 4281 1279 4328 Graecorum
1286 4275 1352 4324 misit
1361 4273 1402 4338 qui
1412 4273 1479 4322 illum
1489 4272 1518 4322 ad
1528 4270 1574 4320 ool·

822 4349 929 4412 ιοιῐιιιιιιιι
945 4349 1082 4398 multarent.
1115 4346 1207 4397 Deinde
1225 4359 1271 4409 pau
1290 4350 1385 4396 servate
1402 4344 1440 4393 his
1457 4341 1572 4392 conditio·
1612 4363 1632 4386 ι

821 4419 893 4468 nibus
904 4422 932 4468 ιιι
945 4431 987 4466 rex
998 4417 1136 4468 eiulatibus
1149 4416 1240 4466 Grteels
1255 4415 1389 4466 libertatem
1406 4413 1488 4473 dar'et,
1503 4415 1574 4462 heae·

821 4488 934 4538 daemonli
943 4486 1352 4538 bermostaseriisdemrerooerent
1359 4489 1405 4534 ete
1415 4484 1477 4545 regis
1485 4481 1574 4530 ditione

822 4559 923 4610 abirent.
956 4559 1026 4608 Dorrd
1043 4558 1139 4608 interim
1149 4560 1246 4620 propter
1259 4557 1370 4618 antiques
1386 4554 1485 4614 injuriae
1502 4554 1573 4599 Lace·

820 4630 932 4680 dementi
946 4628 1036 4680 hadom
1050 4629 1182 4678 intulerunt
1195 4628 1268 4678 Eleis.
1302 4625 1347 4676 sed
1363 4625 1418 4686 agis
1432 4637 1476 4674 rex
1486 4623 1536 4683 iarn
1548 4619 1574 4669 iu

822 4701 941 4750 hosticum
953 4701 1076 4763 ingressus
1087 4704 1157 4748 terrm
1170 4701 1251 4758 motu,
1268 4697 1336 4760 qussi
1353 4695 1391 4744 dei
1404 4695 1508 4751 monitu,
1520 4691 1573 4740 abs-

821 4770 918 4821 territus
929 4769 1164 4820 exereitumdimisit.
1187 4771 1280 4818 ltursus
1293 4765 1426 4828 insequenti
1440 4760 1574 4810 ennoidern

821 4840 895 4890 llleos
910 4839 991 4902 petiit,
1004 4852 1134 4901 eorumque
1150 4837 1269 4900 repiomm
1283 4837 1369 4886 misere
1383 4831 1495 4880 vestarii.
1530 4831 1573 4878 lte·

821 4909 910 4960 deuote
924 4913 1009 4959 aestate
1022 4909 1072 4959 Elei
1089 4921 1172 4972 paoem
1188 4911 1296 4969 petentes
1313 4904 1469 4954 obtinuerunt
1486 4900 1574 4963 iniquis

822 4979 1007 5030 conditionibus.
1040 5005 1071 5015 -
1089 4983 1148 5030 car.
1172 4981 1215 5028 lll.
1234 4981 1297 5027 llors
1315 4971 1396 5035 agidis
1412 4978 1436 5021 et
1452 4969 1574 5022 conteritio

821 5049 923 5113 Agesilai
933 5062 989 5099 orm
1001 5047 1157 5110 Leotychide3
1166 5048 1206 5096 oui
1216 5047 1256 5096 ille
1267 5050 1293 5095 ut
1303 5042 1469 5105 justiorrnssnt
1481 5053 1574 5090 sucees-

821 5133 862 5170 sor
873 5119 986 5183 prelatus
1001 5124 1046 5170 est.
1061 5117 1182 5181 agedum
1193 5129 1249 5166 oum
1264 5115 1313 5164 lere
1329 5125 1419 5164 ennom
1431 5113 1575 5162 obtinuisses
