3394 5626
430 376 521 437 criti
542 371 814 434 nxpnnrtionis
836 371 1087 432 ARGUMENTA.

25 529 76 566 nnn
86 513 203 564 iurante:
220 509 355 574 Xenophon
365 507 495 558 rnoiuoem
514 507 584 556 istius
595 503 741 556 criminatio·

26 587 59 634 n'u.
86 582 164 634 demde
178 579 285 644 meritur
307 579 338 628 de
355 577 460 640 oudapsa
481 575 607 639 disciplina
629 574 741 634 militari,

26 667 104 714 earnem
113 651 215 714 erumpo
225 648 376 699 crudelitatis
390 647 533 710 eiirenisque
544 646 661 707 licentiae,
677 643 742 706 qnod

27 725 170 776 sturmium
176 722 265 783 legates
274 723 299 770 et
310 732 391 770 rerum
402 717 520 766 nennium
530 721 652 766 curatores
662 713 742 764 edide-

28 799 72 854 r'nt,
81 791 188 842 ostendit:
203 804 276 854 qnare
294 790 314 838 si
326 787 474 838 boematum
486 785 558 835 latins
570 789 665 848 serpat,
682 784 742 847 peri·

26 865 153 922 minoem,
162 874 190 908 ne
198 859 244 908 diis
252 857 440 920 hominibusque
449 857 541 906 inrisus
554 854 669 904 reddatur
678 867 743 904 exer·

26 938 75 984 ctus
87 933 207 981 misnens.
239 932 289 978 liae
305 928 413 976 credone
421 925 536 975 commoti
552 924 699 985 decemnnt,
716 927 744 972 ut

25 1007 104 1052 sumn
114 1001 222 1050 suanm
230 1003 342 1048 auctores
352 1009 451 1046 cauom
460 995 587 1056 dicsnt‚et
598 995 618 1044 si
629 995 671 1058 qui
682 997 744 1056 post·

25 1075 58 1122 luc
74 1071 133 1132 hujus
146 1070 234 1132 moeris
252 1069 356 1118 incinere
367 1067 420 1116 ausi
437 1067 536 1126 inerint,
552 1066 576 1114 in
595 1077 636 1114 eos
656 1062 744 1126 paris·

24 1145 73 1192 une
87 1140 282 1190 mimsdrertatur.
316 1141 437 1187 Praeterea
450 1135 569 1198 imprimis
579 1131 744 1196 xenophontis

23 1213 139 1262 ursmare
149 1207 266 1258 munitus
282 1205 406 1256 liniretur.
419 1231 451 1240 -
468 1207 526 1254 Gar.
539 1207 606 1253 vtn.
625 1205 688 1252 tium
701 1199 743 1249 de·

23 1291 74 1332 netu
84 1283 194 1332 erectus
208 1280 283 1329 duces
302 1277 409 1326 muneris
420 1277 458 1325 sui
470 1275 594 1326 redderent
608 1273 742 1324 rationem:

23 1353 108 1402 erodii
118 1365 145 1402 eo
154 1351 237 1412 ingrati
249 1348 323 1397 animi
335 1347 453 1410 progressi
467 1350 536 1406 suut,
547 1351 575 1394 nt
585 1345 665 1408 ipsum
678 1343 744 1392 inno·

23 1425 160 1474 anthenium
168 1419 350 1482 xenophontem
365 1416 458 1478 iniuriae
470 1429 502 1466 er
512 1415 629 1479 petnhnti
645 1413 745 1462 insolen-

23 1497 75 1556 tique
93 1493 164 1541 animo
185 1491 257 1540 illst-e
279 1492 433 1546 accusarent,
445 1487 600 1536 criminantes
610 1499 637 1534 se
655 1489 745 1536 emera

23 1566 46 1614 ab
59 1565 91 1612 illo
102 1562 230 1610 selenos
241 1571 305 1608 esse.
340 1562 430 1607 Verum
449 1556 517 1606 iacile
528 1557 590 1606 harre
602 1553 746 1606 criminatio-

23 1649 64 1683 narn
72 1633 130 1682 diluit
139 1632 184 1690 ita,
193 1634 221 1679 ut
231 1626 350 1678 concedat
361 1626 473 1690 quidem,
484 1639 510 1675 se
522 1625 655 1682 interdum,
667 1635 745 1672 neces

21 1707 79 1752 sirie
88 1706 191 1763 urgente,
205 1699 230 1748 ri
240 1711 268 1748 ee
279 1696 421 1746 uerberibus
431 1709 502 1744 usnnr
514 1707 582 1755 esse,
594 1693 678 1744 salutis
689 1704 745 1741 com

23 1775 118 1822 adress
128 1777 176 1820 trrm
185 1770 307 1832 ipsonrnr,
315 1766 356 1828 qui
369 1765 399 1816 de
409 1765 744 1827 riconquererenturmausa,

24 1843 56 1890 sed
63 1855 87 1890 ex
97 1839 219 1904 petulentia
230 1837 297 1887 nullo
306 1835 386 1886 modo.

260 1986 376 2046 Lmen
396 1985 447 2045 vi.

3 2138 157 2184 terricum
172 2131 354 2195 Paphlagonum
370 2129 467 2192 legatis,
479 2127 568 2191 quibus
586 2125 746 2190 praesentibus

24 2205 142 2254 hunurid
150 2203 209 2252 varii
220 2201 315 2264 generis
324 2200 462 2250 medones
474 2203 574 2248 armate
584 2197 744 2256 celebrantur,

24 2273 287 2338 menoetateiaeta,
296 2271 407 2332 cntyorrs
416 2268 513 2318 tandem
521 2267 745 2327 universisolvunt,

24 2353 152 2407 errrspero
166 2347 240 2392 rento
256 2341 293 2390 usi
312 2341 344 2390 ad
363 2343 507 2389 iiarmensm
530 2338 631 2400 sinopes
648 2341 746 2400 portum

23 2416 132 2476 epileum
150 2413 190 2462 ubi
201 2411 254 2462 dies
265 2411 373 2474 quinque
382 2409 466 2458 morati
476 2409 507 2458 ad
518 2421 594 2458 nuum
604 2408 746 2470 xenophon·

23 2493 58 2534 um
68 2488 132 2534 unm
142 2483 258 2533 srertibrs
269 2479 397 2542 imperium
414 2479 539 2540 deterunt3
559 2477 615 2538 sed,
629 2475 669 2527 ilio
689 2489 746 2539 pru·

23 2557 87 2604 daur
98 2561 233 2613 recusante,
242 2562 434 2601 summerernm
448 2547 575 2612 praeficitur
589 2545 746 2608 chirisuplrns

24 2625 205 2684 laedamus,
230 2621 302 2670 modo
322 2619 408 2670 redux.
425 2646 457 2655 -
470 2622 531 2668 car.
551 2620 583 2667 ll.
604 2617 746 2678 chirisopho

23 2695 142 2754 ensium
153 2694 277 2742 emensus
288 2690 410 2740 sancitus
422 2686 477 2736 inde
487 2686 625 2736 liemcleam
640 2686 745 2748 navigat.

25 2765 163 2812 ltisrditfnne
176 2767 242 2821 orta,
259 2759 312 2820 eius
328 2757 428 2819 imperio
444 2767 497 2805 sese
516 2755 587 2818 primi
601 2755 746 2804 subtrabunt

29 2835 164 2884 ιιαιιειωιιι
178 2833 280 2882 aduam.
313 2833 399 2891 ltaque
410 2825 517 2876 exercitu
527 2825 641 2874 trifariam
653 2825 745 2887 diviso,

26 2917 65 2963 rurs
74 2917 126 2962 nna,
138 2917 212 2966 esque
225 2901 344 2960 maxims,
362 2898 409 2946 init
420 2895 539 2946 Arcadum
550 2899 575 2944 et
591 2895 746 2958 aeneorum,

26 2975 97 3032 curbi
108 2973 416 3034 commorassem
426 2967 499 3017 altera
509 2965 746 3027 Chirisophi;ileno·

27 3042 180 3104 deotemus
198 3067 228 3076 -
240 3043 299 3090 Car.
313 3042 357 3089 lli.
371 3037 418 3087 Sed
430 3037 470 3086 bic
487 3048 544 3084 uror
553 3035 676 3096 cognitum
693 3041 744 3098 est,

25 3113 72 3172 quot
85 3113 175 3170 beent,
190 3107 315 3158 conuentis
333 3120 371 3156 res
388 3117 478 3169 perrea
495 3117 614 3167 creeoere,
629 3103 746 3156 discordia

26 3183 79 3229 ruli
102 3182 229 3240 maximam
252 3183 327 3240 atque
349 3177 453 3240 primum
474 3175 592 3235 arcadas,
622 3175 747 3226 seditionis

26 3257 121 3310 ruine,
135 3252 173 3300 sui
181 3247 273 3299 emsiiii
289 3253 314 3298 et
330 3247 468 3308 mpiditstis
477 3245 593 3307 penitere
604 3246 683 3308 erepit.
715 3247 746 3296 iii

25 3322 72 3368 mn
78 3323 172 3371 mrdrns
180 3320 270 3370 nunctis
279 3317 349 3380 primi
358 3316 550 3380 proficiscuntur,
560 3318 588 3363 ut
597 3316 655 3377 soli,
666 3317 687 3366 si
697 3317 747 3366 lieri

27 3393 95 3449 rest,
107 3395 222 3453 usurpent
241 3387 362 3452 praedam
381 3389 406 3436 st
427 3387 450 3434 in
463 3389 534 3448 portu
555 3385 640 3448 Calpes
658 3388 747 3448 egressi

27 3459 218 3523 imruqnidem
232 3459 263 3510 ab
275 3457 344 3506 initio
352 3455 491 3518 opprimunt
502 3459 526 3503 et
541 3461 614 3516 agunt
625 3455 747 3518 prodam

27 3531 57 3576 sd
64 3545 108 3578 moa
116 3569 122 3588 ,
131 3529 289 3579 rmaaiterave
298 3527 420 3576 cobortes
431 3523 537 3573 barbaris
548 3537 611 3574 caesa
618 3528 642 3573 et
653 3525 747 3588 iugata,

27 3605 92 3646 trin
107 3601 129 3649 in
139 3600 198 3650 colle
209 3597 315 3661 modam
330 3595 472 3646 obsidentur
484 3609 490 3642 ε
500 3593 541 3643 ubi
557 3593 623 3642 lrsud
634 3593 706 3645 dubie
717 3595 747 3646 de

27 3669 60 3714 nir
70 3675 140 3718 sttrrnr
148 3673 225 3728 esset,
241 3667 289 3716 nisi
301 3665 448 3727 xenophon,
459 3664 501 3726 qui
513 3663 539 3712 in
548 3662 632 3712 itinere
645 3663 676 3713 de
687 3665 747 3713 cala·

28 3745 88 3786 rme
107 3743 241 3790 ῦιιιιιιοιιιιιι
257 3741 393 3798 acceperat,
410 3747 466 3783 cnm
480 3734 532 3782 suis
544 3737 641 3782 strenue
658 3735 748 3784 auxilio

29 3809 120 3864 tmesi,
132 3811 334 3868 durategemate
349 3817 407 3853 usus
424 3803 540 3852 barbaros
559 3803 592 3852 ite
607 3804 747 3864 terruisset,

30 3875 424 3937 uotsursoesubisraadrenrum
433 3875 485 3936 eius
495 3887 542 3922 non
550 3875 690 3935 exspectare
699 3887 748 3925 sus·

30 3951 113 3995 ussat
143 3947 258 3998 Postridie
277 3945 349 4008 igitir
365 3944 447 3992 salvus
463 3955 518 3992 curn
534 3942 667 3993 Arcadibus
684 3945 749 3994 venit

30 4017 50 4060 sl
58 4017 128 4078 talpis
139 4023 245 4079 meum,
254 4028 304 4079 qno
313 4014 364 4075 iam
375 4013 533 4076 ctririsoplrus
541 4025 598 4062 cum
611 4013 663 4062 suis
674 4015 749 4076 copiis

31 4085 89 4133 ahos
98 4087 228 4137 sirmi.
241 4113 273 4122 —
287 4089 346 4136 car.
357 4087 399 4133 lv.
414 4083 516 4144 Milites,
528 4088 662 4133 metuentes
673 4098 704 4134 ne
719 4085 749 4134 ad

30 4156 92 4216 [aba
104 4163 194 4219 partum
205 4157 264 4206 urbs
281 4154 433 4212 conderetur,
448 4151 647 4202 nolebantcastra
662 4167 749 4217 ponere

30 4225 67 4270 in·
78 4231 124 4276 tntu
138 4233 162 4276 et
177 4227 230 4276 urbi
247 4224 401 4276 exstruendae
417 4223 511 4272 idoneo.
545 4224 663 4275 Postridie
679 4225 750 4274 cresis

30 4297 106 4354 emite
120 4298 261 4356 decernunt,
278 4301 305 4346 ut
314 4295 415 4358 capitale
424 4295 497 4354 ieret,
509 4293 550 4356 qui
562 4295 662 4356 posthac
670 4294 701 4344 de
712 4307 750 4344 co·

31 4375 60 4422 pn
70 4367 218 4417 &wallis
228 4367 315 4416 reterre
327 4365 433 4414 auderet.
466 4363 504 4414 ild
515 4368 689 4424 commeatum,
702 4379 751 4428 qrro

32 4447 64 4490 itt
76 4437 219 4496 hmrahnot,
230 4434 418 4499 comparandum
432 4432 512 4495 egredi
526 4434 679 4497 cupientibus
694 4442 751 4484 exta

33 4506 181 4556 rinmunt
214 4511 378 4556 veruntamen
399 4507 449 4554 lieo
471 4503 519 4552 dun
538 4503 611 4554 millis
627 4504 750 4554 hominnm

33 4575 136 4630 mum
145 4577 237 4636 edueit;
247 4585 291 4626 sed
299 4575 331 4623 ab
340 4575 448 4636 eqrdmtn
458 4574 603 4623 Pharnabazi
615 4575 752 4636 quingentis

33 4645 93 4704 seih,
103 4653 204 4707 ceteros,
215 4647 256 4709 nni
275 4646 299 4694 in
310 4649 419 4694 montem
435 4643 601 4706 oeningsrant,
619 4645 714 4694 medem
727 4647 751 4693 in

34 4721 90 4764 mus
104 4717 192 4768 ndntit
209 4717 349 4780 Xenophon.
367 4741 399 4750 -
416 4717 474 4764 Cae.
493 4717 523 4762 V.
541 4714 650 4764 Perienlo
667 4716 751 4766 moniti

35 4783 106 4834 hini
120 4787 206 4836 milites
220 4791 299 4836 eastra
318 4785 342 4834 iu
360 4783 413 4832 loce
432 4784 522 4832 munito
540 4783 597 4846 poni
617 4783 752 4846 munirique

36 4859 136 4910 mutu.
166 4861 229 4906 Tunr
257 4869 313 4904 cnm
342 4855 435 4904 litasset
463 4853 608 4916 Xenophon,
640 4853 752 4915 praesidio

3 4963 4 4970 ,
37 4929 97 4972 rans
109 4926 290 4988 relato,sopiaa
308 4925 439 4973 instructas
451 4923 548 4974 educit:
564 4935 632 4985 quae,
650 4925 752 4973 mortuis

3 5553 5 5580 l

38 4993 191 5058 1ιιιιιιιιιιιιιι
207 5001 231 5046 et
246 4993 327 5058 praeda
340 4995 366 5043 in
381 4993 441 5043 uicis
450 4997 532 5056 cepta,
545 4993 752 5042 harbarosinstru·

39 5065 103 5112 eun
118 5067 176 5116 enne
189 5065 292 5129 modam
307 5063 465 5126 conspiciunt.
497 5065 558 5113 ilinc
573 5063 623 5112 scie
637 5063 753 5112 instructa

42 5135 74 5178 ἁ
81 5145 143 5194 sors,
151 5140 251 5200 pergunt
261 5135 377 5184 adversm
389 5133 484 5196 neus,
494 5145 523 5184 at
537 5131 599 5183 reite
608 5131 752 5196 impeditiori

1506 381 1556 453 xiij

814 507 941 566 urpsrsta,
962 517 1035 567 quam
1057 507 1083 553 nt
1102 503 1228 554 transirent
1249 507 1412 570 xenophontis
1432 509 1561 558 suemritm

813 575 940 634 effecerat,
952 587 1056 636 pugnam
1071 580 1214 635 conserunt,
1230 579 1255 624 et
1273 577 1369 626 tandem
1386 577 1500 628 barbaros
1511 577 1561 627 rin·

813 647 873 693 cunt
888 645 1030 707 fugantque,
1040 657 1101 706 quos
1117 658 1146 693 ne
1162 646 1256 706 longius
1274 653 1457 710 persequantur,
1473 661 1520 697 nur
1537 651 1563 698 et

814 713 906 763 itineris
917 715 1039 776 longitudo
1053 714 1082 764 ad
1099 720 1177 764 castra
1196 727 1272 778 neque
1283 717 1389 779 impedit.
1399 743 1431 752 —
1447 721 1506 767 crs.
1520 721 1562 767 vi.

813 791 884 842 Victa
894 792 1042 842 Pharnabazi
1051 805 1123 842 mann
1132 797 1157 842 et
1168 793 1261 855 iugata,
1270 793 1319 855 ism
1329 794 1435 858 nudique
1444 809 1473 845 en
1482 795 1564 856 Bithy·

814 875 899 911 norum
918 875 975 924 agro
988 863 1082 925 predas
1098 867 1180 923 agrrrrt.
1214 865 1311 913 interim
1330 863 1426 914 aduenit
1447 861 1563 914 clesnder

809 934 940 994 spartanus
953 933 1088 994 lunnosta,
1107 939 1130 982 et
1143 945 1198 982 cnm
1210 947 1238 982 eo
1254 933 1325 982 simul
1340 934 1479 997 Dexippus,
1492 935 1564 984 lromo

813 1001 920 1064 pertidus
932 1002 1091 1052 macelestns.
1125 1007 1173 1053 iste
1183 1003 1254 1064 dum,
1268 1005 1411 1053 anonnullis
1422 1005 1563 1066 instigatus,
1641 1053 1647 1064 ,

815 1071 903 1134 prede
912 1075 1005 1134 partem
1020 1071 1161 1122 subvertere
1172 1074 1252 1136 cupit,
1262 1087 1277 1122 a
1286 1073 1362 1122 milite
1371 1073 1475 1137 quodam
1490 1075 1564 1138 impe

815 1139 894 1201 ditum
904 1151 977 1202 quem
989 1139 1046 1188 dum
1059 1139 1089 1188 sd
1101 1141 1244 1190 cleandmm
1256 1141 1368 1203 abdueit;
1383 1143 1565 1204 superveniente

816 1211 902 1272 Agesis
925 1215 949 1260 et
969 1209 1079 1261 hortante
1103 1223 1117 1259 a
1137 1211 1254 1260 militibus
1278 1212 1381 1274 lirgatur.
1415 1216 1565 1276 Quapropter

815 1280 940 1341 Cleander,
953 1279 1070 1342 imprimis
1079 1293 1094 1330 a
1103 1282 1211 1344 Dexippo
1222 1282 1330 1332 irritatus
1339 1318 1346 1343 ,
1355 1283 1487 1342 miiitum,
1497 1296 1564 1342 sese,

816 1349 862 1399 nisi
875 1351 920 1400 sibi
930 1350 961 1399 ad
973 1349 1120 1412 puniendum
1131 1352 1230 1414 Agasias
1239 1357 1264 1402 et
1274 1353 1343 1402 mites
1355 1354 1475 1414 gregarius
1484 1351 1565 1402 traditi

816 1426 909 1480 meent,
924 1421 1068 1470 ellecturnm
1084 1433 1153 1479 esse,
1171 1425 1196 1469 nt
1211 1421 1316 1471 universi
1334 1435 1349 1470 a
1364 1425 1454 1472 Graecrs
1465 1421 1565 1471 urbibus

817 1489 995 1552 prohibeantur.
1033 1490 1167 1552 Xenophon
1184 1489 1263 1551 igitur,
1280 1491 1320 1540 eui
1336 1491 1389 1539 istor
1408 1491 1481 1540 minae
1500 1490 1565 1541 baud

817 1559 997 1608 mntemnendae
1015 1559 1169 1620 videbantur,
1187 1561 1306 1622 persuasit
1324 1565 1349 1610 et
1366 1561 1460 1623 Agasiae
1477 1560 1524 1624 ipsi
1541 1569 1566 1610 et

817 1628 903 1678 ceteris
921 1627 1049 1688 omnihus,
1061 1633 1089 1678 nt
1098 1627 1209 1678 Cleandri
1221 1630 1336 1692 imperata
1348 1629 1452 1679 iacerent
1462 1643 1567 1692 eumque

817 1699 905 1758 quovis
922 1697 995 1748 modo
1011 1699 1056 1748 sibi
1072 1699 1259 1748 remneilisrent.
1292 1703 1353 1760 lirgo
1368 1702 1402 1749 rei
1419 1700 1453 1750 illl
1468 1711 1566 1750 causam

818 1764 902 1816 dsunt
912 1765 976 1828 apud
993 1767 1152 1828 Cleandrum,
1168 1781 1240 1831 quem
1256 1767 1336 1818 verbis
1360 1769 1435 1818 totius
1447 1769 1567 1818 exercibrs

818 1837 1566 1902 omuesstrategietlocnagiurant,utimpunedimittatreos,
1604 1881 1606 1888 r

818 1903 974 1969 desuntque
985 1906 1056 1955 itand
1065 1905 1166 1956 eundem
1174 1921 1296 1957 summum
1303 1909 1422 1958 exereitus
1431 1909 1565 1972 imperinm.

818 1975 892 2034 ltine,
907 1975 972 2038 quod
989 1980 1084 2036 rogant,
1104 1975 1233 2039 impetrant
1251 1992 1257 2026 :
1276 1979 1320 2027 sed
1342 1978 1466 2038 Cleander,
1491 1978 1567 2028 saeris

817 2043 1210 2107 pmhibentibus,imperium'rliud
1217 2049 1337 2110 suscipere
1345 2060 1392 2096 non
1400 2051 1487 2110 potest.
1504 2051 1567 2108 Ergo

817 2113 938 2162 exercitus
949 2112 1124 2176 subprioribus
1133 2114 1249 2176 ducibus,
1262 2130 1304 2178 per
1314 2117 1432 2179 Bithynos
1441 2118 1525 2168 itinere
1534 2117 1566 2166 ia-

817 2185 870 2243 cto,
889 2196 945 2232 enm
966 2183 1047 2246 preda
1064 2185 1140 2234 mrilta
1157 2186 1315 2248 chrysopolin
1334 2187 1501 2237 Chalcedonis
1515 2199 1566 2250 per·

818 2251 891 2301 venit.

1077 2395 1191 2455 LIBER
1212 2395 1276 2456 vii.

788 2549 870 2598 carui
885 2551 904 2598 l.
914 2549 1046 2600 Anaxibiae
1057 2550 1132 2601 classi
1144 2555 1268 2615 Spartanae
1281 2551 1409 2614 preelectus
1420 2551 1567 2602 Pharnabazi

818 2618 942 2679 pmmissls
951 2620 1093 2682 perductus,
1105 2624 1203 2670 Grecos
1212 2625 1240 2668 nt
1248 2633 1279 2670 ex
1289 2621 1345 2670 asin
1354 2621 1470 2683 trajiciant
1478 2623 1567 2683 Byzan·

818 2687 888 2746 tium,
897 2688 1056 2750 spestipendii
1064 2689 1124 2737 iacta
1131 2688 1229 2752 pellicit,
1237 2689 1289 2748 sed,
1298 2690 1439 2752 quissimus
1448 2689 1566 2754 improbo-

818 2757 1481 2822 rumhomnncionum,nihilquodpromiseratprtsstnt.
1500 2761 1568 2810 idem

818 2828 846 2874 ut
862 2827 1003 2887 Byzantium
1012 2833 1125 2878 exoneret
1136 2828 1174 2878 his
1187 2829 1276 2890 copiis,
1290 2829 1377 2878 itemm
1393 2830 1476 2879 iraude
1492 2830 1568 2880 utitur

818 2897 974 2959 promittens,
987 2909 1039 2946 sese
1049 2897 1130 2960 copias
1140 2898 1200 2947 urbe
1212 2910 1321 2960 egressas
1331 2899 1504 2947 recensitorum
1514 2911 1568 2948 esse

818 2969 844 3015 et
852 2964 965 3014 dntnmm
975 2965 1039 3014 unde
1050 2966 1141 3015 vivant.
1174 2969 1265 3015 Verum
1281 2967 1397 3028 egressis,
1414 2967 1489 3029 portis
1502 2967 1568 3017 clan-

820 3035 868 3094 sis,
879 3035 937 3083 nilril
950 3039 1060 3098 praestat,
1073 3035 1116 3084 sed
1124 3035 1194 3096 jubet
1207 3035 1313 3098 praedam
1327 3049 1396 3098 agere
1405 3049 1435 3085 ex
1447 3037 1566 3087 Thracum

820 3105 879 3153 vicis
889 3109 914 3154 et
926 3105 960 3153 ite
974 3105 1041 3154 abire
1056 3105 1080 3154 iu
1099 3105 1275 3155 clrersonesnm
1287 3105 1318 3154 ad
1336 3109 1475 3167 cynrscum.
1508 3109 1569 3157 trine

819 3173 904 3224 irritati
916 3175 1018 3233 milites,
1028 3175 1103 3237 portis
1115 3175 1231 3236 attractis,
1243 3175 1268 3223 vi
1279 3175 1413 3237 irrumpunt
1424 3176 1447 3224 in
1458 3177 1543 3226 urbem
1561 3192 1567 3224 ι

819 3245 862 3295 sed
869 3257 910 3294 eus
917 3246 995 3308 placat
1002 3245 1143 3308 xenophon,
1153 3251 1189 3304 nt,
1202 3246 1266 3295 nulla
1274 3245 1299 3294 ri
1306 3247 1377 3305 iacta
1384 3247 1472 3296 iterum
1479 3250 1569 3310 Byzan·

819 3315 957 3365 tioexeent.
990 3315 1283 3377 lliccoerntadesquidem
1292 3316 1350 3378 ipsis
1358 3315 1568 3378 seducemoilert,

820 3385 863 3435 sed
872 3385 954 3448 paneis
968 3384 1054 3435 diebus
1067 3390 1121 3447 post
1135 3385 1274 3448 repudiatur
1288 3387 1456 3436 humotenus.
1471 3414 1501 3423 —
1511 3391 1568 3437 crs.

819 3456 851 3504 li.
861 3458 925 3503 Dum
934 3454 1007 3503 duces
1019 3454 1080 3502 inter
1090 3453 1155 3503 sede
1165 3455 1257 3517 reliquo
1270 3457 1356 3505 itinere
1368 3455 1500 3514 dissident,
1511 3454 1568 3504 inte·

820 3525 865 3574 rim
875 3524 943 3574 multi
952 3522 983 3572 de
994 3525 1101 3574 exercitu
1110 3523 1249 3573 dilabuntur
1265 3525 1370 3575 milites:
1389 3537 1443 3585 nune
1457 3536 1498 3574 res
1504 3529 1570 3585 nata

820 3593 906 3643 amidit
925 3593 1042 3644 Anuilrio
1057 3593 1203 3642 Pharnabazi
1223 3595 1432 3658 pollicitationibus
1447 3599 1568 3657 corrupto.

821 3664 882 3714 ilinc
896 3663 960 3712 idem
977 3663 1112 3712 Aristarcho
1121 3664 1300 3726 noroByznutii
1316 3665 1445 3713 lrarmustae
1459 3664 1570 3725 mandet,

821 3736 849 3783 ut
859 3737 977 3796 quotqnot
991 3733 1021 3784 de
1030 3733 1086 3794 cyri
1098 3733 1204 3782 exercitu
1220 3735 1348 3796 reperisset
1363 3735 1470 3795 Byzantii
1483 3733 1570 3784 rende·

820 3806 864 3854 ret.
897 3806 989 3853 verum
1004 3815 1059 3853 enm
1079 3816 1131 3852 sea
1146 3804 1301 3853 Pharnabazo
1315 3805 1414 3867 negligi,
1430 3809 1455 3853 et
1470 3803 1568 3854 aristen

820 3874 894 3924 ulrum
910 3873 941 3923 ab
958 3873 1043 3923 eodem
1064 3873 1187 3937 promissis
1203 3875 1233 3923 ad
1246 3879 1343 3924 Graecos
1363 3875 1416 3924 iilos
1436 3873 1570 3936 perdendos
1590 3870 1595 3886 '

821 3942 963 4007 perductum
985 3955 1038 3991 esse
1055 3941 1169 3992 sensisset
1193 3957 1199 3992 ι
1221 3947 1313 3991 munta
1340 3947 1436 4006 repente
1454 3945 1570 3992 sententie

821 4014 921 4063 arcemit
950 4013 1132 4074 Xenophontem
1155 4013 1323 4074 hortaturque,
1345 4019 1372 4062 nt
1402 4025 1474 4074 quarn
1495 4013 1571 4076 possit

822 4081 946 4132 celerrime
967 4081 1089 4144 dispersus
1112 4081 1207 4143 eriligat
1231 4081 1371 4132 Perinthum
1392 4086 1418 4130 et
1441 4081 1498 4130 inde
1518 4095 1570 4132 eus-

822 4150 877 4202 dem
900 4151 926 4200 in
942 4153 1023 4200 Asiam
1041 4149 1147 4200 reducat
1180 4151 1228 4201 Sed
1246 4165 1297 4200 rem
1317 4151 1418 4214 impedit
1441 4152 1571 4202 menradi

822 4221 976 4285 improbitas,
992 4221 1056 4284 apud
1068 4233 1141 4283 quem
1151 4225 1179 4270 ut
1192 4221 1256 4285 apud
1268 4227 1359 4271 ceteros
1376 4225 1508 4286 Spartanos
1519 4228 1570 4272 tnnr

823 4292 904 4340 omnia
920 4295 1016 4351 argente
1028 4291 1121 4340 uenalia
1136 4295 1212 4340 erant.
1245 4295 1307 4354 Ergo
1316 4305 1363 4340 non
1373 4293 1475 4352 uirum,
1490 4291 1571 4354 quod,

823 4367 850 4410 ut
859 4361 1012 4410 Pharnabazo
1017 4359 1196 4423 gratificaretur,
1208 4363 1390 4425 xenophontem
1400 4362 1481 4424 ipsum
1492 4363 1572 4412 tollere

823 4431 938 4481 studeret.
971 4431 1044 4492 lg'tur
1062 4432 1194 4494 Xenophon
1211 4433 1235 4480 in
1247 4445 1341 4480 summa
1358 4445 1437 4482 rernm
1453 4433 1534 4495 inopia
1548 4437 1572 4481 et

822 4502 976 4560 didicnltate,
1004 4514 1051 4564 qna
1072 4501 1160 4551 milites
1176 4501 1251 4565 premi
1269 4501 1379 4564 videbat,
1398 4517 1453 4552 curn
1479 4503 1572 4552 selectis

824 4573 981 4636 proficiscitur
990 4571 1020 4620 ad
1032 4572 1160 4632 Seuthem,
1171 4579 1199 4619 ut
1206 4571 1365 4621 conditionem
1375 4609 1381 4632 ,
1390 4586 1437 4634 qun
1447 4571 1467 4620 is
1476 4575 1572 4622 Grecos

823 4641 887 4705 apud
899 4655 952 4691 sese
963 4640 1081 4704 stipendis
1093 4655 1183 4690 nrerere
1196 4643 1282 4700 vellet,
1298 4647 1460 4704 cognosceret.
1472 4669 1501 4676 —
1512 4644 1571 4689 Car.

824 4716 867 4762 lli.
878 4712 968 4772 Greci,
977 4717 1063 4774 praeter·
1073 4715 1178 4762 Neonem
1189 4715 1306 4760 Laconem
1320 4726 1375 4762 cunr
1387 4712 1449 4770 suis,
1458 4709 1571 4760 conditiu-

823 4783 895 4831 nibns
912 4783 1009 4831 sentire
1024 4782 1199 4844 comprobatis,
1209 4781 1317 4831 edilium
1334 4781 1446 4839 lendunt3
1457 4791 1518 4841 nque
1531 4779 1572 4828 ioe·

824 4851 881 4902 dere
889 4855 1024 4912 contractu,
1035 4851 1108 4901 duces
1115 4852 1225 4901 constris
1237 4865 1303 4901 more
1312 4850 1430 4900 Tlrrncnm
1440 4849 1507 4912 quud
1515 4848 1572 4900 deli-

824 4921 919 4984 gentius
943 4921 1095 4983 describitur,
1122 4922 1281 4984 excipiuntur.
1321 4919 1379 4970 inde
1403 4918 1450 4968 sub
1477 4923 1573 4970 noctem

825 4991 928 5042 mediam
954 4996 1036 5042 eontra
1057 4993 1138 5042 hostes
1165 4991 1356 5053 proficiscuntur,
1374 5001 1435 5051 quos
1459 4990 1573 5052 postridie

825 5061 954 5126 imparatos
968 5065 993 5126 et
1003 5063 1168 5126 impmdeutes
1181 5061 1334 5124 opprimunt,
1344 5062 1368 5109 et
1380 5071 1491 5122 magnam
1508 5073 1573 5109 man·

825 5131 942 5196 cipiorum
951 5143 1112 5194 pecorumque
1119 5130 1224 5194 praedam
1236 5127 1333 5178 ucimt.
1344 5152 1374 5164 ·—
1384 5131 1444 5178 cir.
1454 5131 1495 5179 iv.
1507 5129 1573 5178 Visis
