3394 5626
135 395 1472 432 mmmmmfflmwmonnmmnumum·

570 580 993 699 PRAEFATIO.

693 869 878 924 *5⁹⁶*-

157 1055 195 1125 Ut
220 1051 486 1149 Xenophonteis
512 1051 654 1146 scriptis
679 1074 758 1138 sua,
788 1063 965 1147 quantum
992 1049 1069 1146 ejus
1095 1047 1207 1121 hodie
1238 1047 1316 1121 fieri
1344 1064 1487 1148 potest,

119 1174 297 1246 redderetur
315 1172 430 1243 forma
449 1186 485 1242 et
503 1171 705 1268 integritas,
722 1168 796 1265 jam
812 1195 963 1268 magnus
978 1172 1185 1244 criticorum
1200 1197 1373 1244 numerus
1387 1171 1490 1245 labo·

118 1312 243 1386 raverat,
255 1317 368 1394 quum
387 1291 434 1366 ad
452 1292 524 1364 hoo
537 1317 629 1389 opus
645 1317 682 1364 se
696 1291 875 1364 conferret
888 1295 1280 1396 Lnnovtcusllmnona.
1301 1297 1333 1363 ls
1348 1294 1490 1392 primus

118 1419 267 1492 librorum
295 1442 407 1490 manu
435 1430 659 1488 exaratorum
689 1417 935 1487 auctoritatem
961 1419 1057 1510 justa
1088 1402 1191 1488 lance
1214 1415 1423 1513 pensitavit,
1454 1429 1491 1486 et

117 1559 176 1620 tam
192 1564 301 1616 rerum
316 1553 539 1618 narratarum
558 1561 668 1634 quam
682 1535 787 1608 Attici
806 1535 983 1607 sermonis
1004 1534 1212 1631 cognitione
1235 1535 1380 1624 eximia,
1398 1533 1487 1604 dum

116 1661 165 1733 alii
181 1661 325 1733 editores
343 1657 569 1734 fluctuabant
581 1680 646 1754 per
661 1654 834 1753 plurima,
855 1657 931 1756 ipse
951 1656 1152 1730 orationem
1168 1655 1424 1755 Xenophontis
1446 1656 1491 1728 ad

117 1809 190 1856 vem
199 1783 333 1856 critices
348 1804 513 1853 normam
532 1778 731 1852 constituit.
751 1775 866 1872 Hujus
885 1777 992 1874 igitur
1012 1777 1098 1868 viri,
1119 1791 1242 1850 nostra
1259 1775 1366 1850 laude
1383 1776 1490 1849 altio·

116 1906 169 1995 ris,
198 1905 440 1977 recensionem
474 1902 524 1974 ita
561 1914 872 1999 representamus,
904 1915 945 1970 ut
975 1883 1154 1998 perpauca
1189 1897 1359 1988 aliorum,
1392 1898 1492 1970 velut

116 2027 253 2117 Dobraei,
284 2028 434 2128 inuenta
464 2025 539 2095 suis
564 2023 654 2096 locis
686 2021 820 2093 inserta
848 2019 954 2118 legas.
975 2025 1145 2092 Nostrum
1169 2045 1327 2119 namque
1351 2020 1493 2092 institu-

116 2165 179 2220 tum
191 2173 298 2248 quum
311 2147 559 2220 annotationis
578 2169 688 2216 omne
706 2168 820 2241 genus
835 2143 873 2214 in
891 2141 989 2213 aliud
1004 2157 1147 2240 tempus
1168 2142 1325 2232 differat,
1345 2141 1493 2238 vigilan-

115 2269 189 2342 dum
204 2287 254 2345 est
276 2295 323 2342 ne
343 2267 435 2369 quid
455 2268 543 2366 ipsis
568 2268 672 2340 textis
694 2265 910 2340 immittatur
929 2263 1029 2362 quod
1055 2288 1130 2336 non
1157 2288 1286 2342 omnes
1308 2263 1493 2344 contineat

116 2418 265 2466 numeros
284 2392 455 2464 veritatis.

151 2515 367 2611 Quapropter
391 2511 435 2581 iis
456 2511 496 2581 in
522 2508 630 2600 locis,
653 2510 717 2583 ubi
737 2527 955 2611 praepostero
979 2513 1108 2586 ordine
1127 2538 1184 2585 res
1202 2512 1416 2601 referuntur,
1442 2536 1494 2582 se-

116 2635 189 2705 riem
207 2659 226 2706 e
245 2632 437 2706 codicibus
457 2631 712 2730 manuscriptis
733 2632 947 2730 productam
968 2658 1106 2705 servare
1126 2658 1234 2731 quam
1251 2657 1326 2705 non
1345 2631 1493 2727 adjectis

115 2753 295 2825 rationibus
309 2753 536 2825 immutatam
550 2750 656 2824 edere
670 2751 874 2826 maluimus.
885 2754 1029 2827 Accedit
1038 2754 1139 2852 quod
1153 2754 1286 2851 scripta
1300 2751 1494 2842 nonnulla,

115 2901 147 2947 ea
162 2876 350 2974 praesertim
371 2898 451 2972 quae
471 2888 558 2944 sunt
571 2872 617 2946 de
634 2871 899 2972 rebuspublicis
918 2873 1129 2972 Atheniensi
1150 2890 1190 2947 et
1209 2873 1496 2946 lacedaemonio·

116 3019 195 3084 mm,
214 3011 320 3098 atque
340 2993 430 3067 adeo
450 2993 606 3064 Historia
627 2997 763 3082 Graeca,
789 3019 865 3066 non
890 2994 1061 3067 videntur
1079 2995 1126 3068 ab
1151 2996 1232 3093 ipso
1253 2992 1497 3092 Xenophonte

115 3116 251 3212 perlecta
276 3132 312 3188 et
335 3115 450 3205 edita,
472 3115 537 3196 sed
559 3139 602 3188 ex
623 3116 764 3196 seriniis
786 3117 919 3190 mortui
938 3117 985 3190 ab
1004 3117 1076 3189 alio
1090 3116 1266 3189 collecta:
1288 3140 1362 3214 quo
1384 3116 1496 3212 magis

114 3235 277 3318 lubricum
305 3253 359 3310 est
382 3239 548 3342 geuuiuae
576 3237 702 3318 talium
728 3238 944 3342 scriptorum
966 3239 1105 3329 formae,
1127 3263 1207 3338 quae
1231 3239 1380 3310 fortasse
1404 3263 1497 3309 nun·

114 3381 206 3456 quam
215 3357 365 3446 exstitit,
376 3356 603 3438 inveniendae
613 3356 785 3429 studium.
796 3359 1148 3438 Lacedaemoniorum
1161 3377 1281 3434 tamen
1295 3360 1497 3464 respublica

114 3480 183 3576 quia
208 3478 322 3551 multo
348 3479 577 3558 commodius
601 3478 729 3576 legitur
754 3479 1039 3581 intelligiturque
1060 3482 1189 3556 melius
1212 3483 1416 3556 secundum
1444 3508 1497 3555 se·

116 3599 188 3670 riem
199 3599 245 3672 ab
258 3601 386 3677 Haasio
396 3600 705 3698 institutam,quae
714 3601 913 3676 sinedubio
923 3603 968 3679 ad
976 3605 1097 3703 ipsum
1104 3605 1364 3705 Xenophontis
1379 3606 1417 3678 in
1434 3605 1494 3678 illa

115 3721 289 3800 nubenda
310 3723 505 3804 eonsilium
528 3724 691 3821 proxime
716 3722 869 3813 accedit,
891 3747 970 3794 eam
989 3723 1061 3796 hoc
1081 3724 1163 3798 loco
1186 3724 1407 3798 indicamus.
1435 3729 1499 3802 Ca.

115 3845 175 3940 pite
192 3845 282 3916 uvir
297 3843 427 3917 doctus
439 3847 481 3939 §s
504 3869 545 3917 ιο
560 3860 596 3918 et
615 3867 652 3916 11
671 3843 776 3946 ponit
789 3859 873 3942 post
885 3847 905 3939 s
917 3871 955 3936 23
971 3844 1108 3918 ibidem
1122 3849 1292 3920 sectionis
1306 3863 1497 3946 pextrema

116 3966 397 4058 submmistrat.
416 4021 425 4038 .
445 4021 453 4038 .
478 3965 644 4064 λαμὸάνςι,
659 3967 764 4046 initio
778 3965 940 4061 ejusdem
958 3969 1144 4059 sectionis,
1161 3984 1203 4041 ut
1212 3968 1287 4066 jam
1305 3972 1498 4068 sequentia

117 4089 226 4179 verba,
240 4088 345 4161 valde
367 4105 553 4187 corrupta,
577 4091 639 4168 Kal
663 4099 703 4172 ὡς
722 4091 890 4174 πλείστους.
911 4145 946 4162 ..
972 4143 980 4162 .
1002 4095 1225 4190 εὐφραίνεσθαι,
1248 4093 1495 4192 intelligantur

117 4207 153 4281 de
166 4235 285 4290 annua
297 4211 545 4284 verberatione
562 4211 846 4288 adolescentium
866 4211 912 4284 ad
932 4237 1030 4292 aram
1048 4215 1183 4287 Dianae.
1208 4219 1374 4296 Extrema
1387 4216 1497 4290 verba

117 4329 263 4424 ejusdem
280 4333 407 4432 capitis
424 4335 463 4405 in
481 4335 669 4407 codicibus
685 4359 761 4409 non
781 4351 867 4406 sunt
883 4335 943 4407 illa
959 4337 1005 4409 ab
1020 4336 1182 4411 Weiskio
1199 4354 1334 4436 etpost
1349 4363 1434 4410 eum
1451 4339 1498 4412 ab

117 4451 302 4527 editoribus
315 4456 488 4530 omnibus
504 4481 547 4530 ex
563 4457 659 4529 tertii
668 4443 793 4555 capitis
809 4455 882 4531 fine
897 4457 971 4531 huc
987 4459 1168 4552 translata,
1182 4464 1253 4532 Kal.
1270 4517 1277 4532 .
1295 4515 1303 4533 .
1320 4465 1498 4558 ἐπεμελήθη,

118 4575 168 4646 sed
180 4602 221 4648 ea
237 4602 316 4676 quae
332 4603 430 4652 nunc
445 4577 807 4678 comprehenduntur
830 4581 989 4654 sectione
1005 4581 1028 4654 6
1043 4584 1171 4681 capitis
1195 4581 1229 4655 3.
1246 4583 1422 4656 Codicum
1444 4610 1499 4656 or·

118 4693 227 4770 dinem
247 4715 283 4772 et
295 4697 463 4770 παιδίσκων
475 4725 543 4800 pro
558 4697 706 4773 παιδικῶν
730 4717 825 4778 recte
845 4704 999 4776 restituit
1016 4706 1177 4778 Haasius.
1204 4711 1275 4778 Nos
1303 4705 1498 4780 inveterata

118 4815 225 4891 locum
242 4845 285 4893 ex
302 4809 510 4896 Weiskiana
532 4825 731 4895 mutatione
751 4821 893 4920 legendi
912 4825 1138 4898 consuetudo
1158 4826 1204 4897 de
1229 4826 1398 4899 codicum
1419 4825 1493 4904 dis·

119 4961 213 5014 sensu
230 4939 408 5016 fefellerat.
422 4947 463 5016 ln
479 4944 552 5018 line
566 4945 694 5045 eapitis
707 4949 730 5034 Δ
744 4946 801 5017 vir
818 4945 877 5018 ille
892 4945 1020 5019 doctus
1038 4947 1143 5046 ponit
1158 4949 1286 5047 capitis.
1309 4972 1351 5019 ιο
1367 4947 1498 5020 sectio-

122 5084 172 5132 nes
203 5089 240 5154 r,
269 5061 309 5154 3,
335 5093 355 5138 a
378 5066 472 5160 (hoo
496 5069 664 5166 ordine);
683 5083 767 5167 post
796 5069 922 5166 capitis
955 5095 991 5142 11
1025 5071 1045 5164 §
1068 5068 1090 5142 3
1116 5071 1267 5142 assumit
1294 5069 1421 5167 capitis
1456 5068 1498 5142 13
