3442 5636
442 383 638 446 fflSTORIAE
660 381 811 444 GRAEGAE
831 379 904 440 Lm.
926 379 991 440 vlt.
1014 369 1096 440 CAP.
1118 379 1141 440 1.
1540 387 1595 440 465

78 534 92 572 ο.
109 509 213 594 Ἐπείτερ,
224 501 246 570 ὦ
257 509 347 593 άνδρες
358 511 503 584 Ἀθηναῖοι,
518 511 615 590 ἀγαθὸν
627 515 688 588 ύμῖν
701 508 770 578 ἔδοξε
846 537 858 561 α
871 515 973 577 Quando
990 515 1073 579 robis,
1088 495 1264 576 Athenienses,
1278 527 1309 566 ea
1321 529 1368 565 usu
1382 527 1436 568 esse
1445 515 1526 566 risum
1538 513 1596 574 tuit,

52 599 214 678 λιναδσιμονίους
220 598 308 682 φίλους
314 603 453 671 ποιεῖσθαι,
460 599 530 657 δοκεῖ
539 623 583 677 μοι
589 603 685 680 χρῆναι
695 603 771 657 τοῦτο
815 605 1010 658 Lacedaemnrdos
1031 605 1056 656 fn
1072 605 1202 656 amicitiam
1216 602 1305 670 recipi,
1320 603 1521 655 considerandum
1539 603 1600 653 mihi

52 697 130 759 σκοπεῖν,
142 686 225 758 θπωςὴ
246 686 319 768 ριλίοι
337 686 378 746 δτι
391 689 514 746 πλεῖστον
527 684 620 768 χρόνον
635 693 771 765 συμμενεῖ.
815 695 919 753 ridetur,
925 698 1125 758 quopactoquam
1132 693 1468 744 diutissimesltbaecamicitia
1475 693 1598 743 duratura.

49 775 91 834 'ib
100 769 132 834 ούν
141 769 156 855 ᾖ
165 774 285 856 ἑκατέροις
300 774 417 853 μάλιστα
431 773 557 848 συνοίσει,
571 774 655 854 ταύτῃ
669 773 716 833 καὶ
725 771 772 840 τδις
815 783 976 841 Quamobrem
984 783 1151 843 dannatione,
1161 795 1216 846 quae
1226 780 1601 845 porticuiqueplurirnumespe

49 861 138 932 σννθέοιις
146 863 316 942 ποιησώμεθα,
326 863 394 923 obem
404 863 472 922 κατά
486 885 516 941 γε
529 863 560 922 τδ
573 863 640 930 εἰκὸς
654 862 772 942 μάλιστα
815 871 879 932 diet,
892 870 970 920 fredus
977 871 1104 932 inibimus,
1114 875 1301 920 cousentaneum
1310 873 1363 930 est,
1372 869 1528 918 nosmaxime
1538 869 1600 920 ineo

46 951 176 1028 συμμένοιμεν
189 951 225 1011 άν.
265 951 310 1012 Tit
328 949 376 1029 μὲν
391 941 434 1009 σύν
451 949 519 1008 ἄλλοι
534 947 628 1030 σχεδόν
646 947 672 1008 τι
686 973 773 1010 συνω-
815 959 965 1024 perstituros.
999 958 1127 1009 Enimvero
1136 957 1333 1008 ceterisinrebus
1344 969 1416 1021 prope
1424 957 1601 1017 consentimus,

48 1037 226 1118 μολάγητσι,πσρί
240 1036 267 1096 δέ
281 1043 328 1108 τῆς
341 1037 483 1117 ἡγεμονίας
495 1043 541 1096 νῦν
555 1042 573 1108 ἡ
589 1037 689 1119 σκέψις.
730 1041 773 1116 Τῇ
817 1051 911 1097 tantum
922 1047 952 1096 dc
964 1045 1097 1110 principatu
1112 1049 1187 1096 restat
1197 1045 1262 1109 quod
1278 1045 1466 1096 consideremus.
1499 1047 1601 1093 λίνοιο

45 1121 76 1198 μίν
84 1115 117 1182 σύν
129 1125 197 1203 βουλῇ
208 1123 429 1206 προύεθούλευται
441 1124 571 1207 ὑμετέροιν
584 1124 632 1202 μὲν
647 1117 713 1183 εἶναι
726 1123 775 1194 πλν
816 1137 915 1182 senatus
929 1131 978 1195 iam
995 1137 1050 1181 ante
1063 1131 1158 1182 censuit
1173 1133 1301 1181 autoritate
1313 1145 1370 1191 sua,
1387 1129 1460 1180 maris
1473 1127 1601 1193 imperium

45 1211 215 1283 ιπτδθσλαττοιν,
229 1211 444 1290 Λακεδαιμονίων
459 1210 486 1270 δὲ
501 1211 630 1283 τὴνκατδι
644 1216 701 1290 γῆν·
715 1209 774 1289 ἐμοὶ
817 1219 887 1270 robis
899 1219 994 1280 deberi,
1008 1223 1076 1270 terrm
1087 1232 1145 1270 uero
1156 1219 1352 1271 Lacedaemoniis.
1385 1221 1447 1276 Quae
1457 1217 1602 1267 mibietiana

44 1297 99 1355 δὲκαὶ
110 1300 170 1380 αὐτῷ
180 1301 245 1358 δοκεῖ
256 1287 340 1358 ταῦτα
352 1300 400 1358 οὐκ
411 1299 560 1382 ἀνθρωπίνῃ
574 1303 674 1377 μᾶλλον
686 1298 704 1372 ἢ
718 1299 774 1382 θείρ
817 1308 864 1372 ipsi
878 1321 927 1358 nou
941 1311 992 1358 hm
1003 1309 1034 1358 ab
1050 1309 1155 1358 bumana
1170 1321 1243 1372 quarn
1262 1307 1344 1357 divina
1358 1312 1443 1356 natura
1460 1304 1603 1367 fortunaque

42 1385 92 1460 eber
105 1409 128 1442 σε
142 1386 181 1445 καί
197 1385 264 1466 τύχῃ
283 1386 427 1467 διωρίσθαι.
471 1391 505 1468 (ο)
527 1391 638 1468 Πρῶτον
656 1386 704 1466 μὲν
723 1386 774 1470 γάρ
818 1397 1061 1446 distinctaridentur.
1092 1397 1199 1455 Primum
1209 1395 1375 1458 enim‚iocnm
1387 1394 1605 1444 habetisanatura

43 1493 96 1529 runi
107 1473 168 1552 ἔχετο
180 1473 306 1533 κάλλιστα
321 1467 459 1558 πεφυκόσιν
470 1475 535 1557 πρὸς
553 1483 639 1536 τοῦτο·
653 1479 777 1535 πλεῖσται
819 1489 982 1548 comparatum
992 1485 1022 1535 ad
1032 1483 1333 1547 boclongeputcberrime,
1367 1485 1428 1532 Nara
1438 1481 1606 1543 civitatesptu·

40 1557 72 1638 γάρ
81 1560 151 1628 τιλινς
161 1567 208 1620 τῶν
221 1561 353 1642 δεομένων
366 1569 414 1635 τῆς
427 1565 558 1636 Θαλάττης
571 1563 632 1646 περί
646 1563 695 1636 τὴν
709 1568 776 1641 θμε-
819 1571 900 1632 dmm,
912 1585 968 1637 ηοω
975 1573 1034 1622 mari
1041 1585 1122 1622 carere
1131 1575 1266 1634 nequeunt,
1278 1571 1330 1623 urbi
1340 1575 1428 1620 restrae
1437 1569 1524 1617 vicinas
1534 1572 1605 1629 sunt;

41 1645 92 1726 τέρεν
101 1649 164 1707 πολιν
175 1653 285 1723 οἰκοῦσι,
296 1650 343 1710 καί
354 1643 433 1710 αὗται
443 1661 529 1710 πᾶσαν
538 1652 720 1733 ἀσθενέστεραι
731 1656 778 1724 τῆς
820 1673 903 1724 eaeque
913 1662 1033 1713 rrnirersre
1045 1669 1103 1713 sunt
1112 1667 1192 1714 restra
1204 1663 1379 1715 imbecilliores.
1421 1665 1541 1713 Praeterea
1551 1673 1604 1724 pur-

38 1733 136 1822 ίρετὲρσα.
173 1737 241 1819 Πρὸς
251 1736 353 1806 τούτοις
361 1737 389 1798 di
398 1739 505 1818 λιμένας
513 1731 715 1819 ίχετε,ὧνάνευ
727 1741 779 1819 οὐχ
820 1753 861 1798 tus
873 1749 943 1798 robis
955 1754 1029 1809 suut,
1044 1749 1135 1814 absque
1151 1749 1240 1813 quibus
1252 1749 1373 1799 navalium
1389 1745 1606 1812 cupiarumnullus

39 1821 106 1879 ούντε
123 1830 223 1904 ναυτικῇ
239 1825 350 1904 δυνάμει
369 1831 493 1908 χρῆσθαι.
534 1825 597 1889 Ἔτι
615 1825 643 1887 δὲ
664 1829 778 1910 τριήρεις
820 1841 938 1886 οσῑιισιισ.
970 1837 1055 1887 ltaliae
1069 1837 1205 1888 itemrobis
1221 1837 1332 1887 triremes
1348 1840 1417 1898 sunt,
1432 1849 1461 1885 ac
1477 1836 1606 1900 patriaru-

36 1905 127 1980 κέκτησθε
137 1911 246 1984 πολλάς,
262 1913 308 1970 καί
320 1913 431 1994 πάτριον
444 1918 506 1992 θμῑν
519 1917 575 1973 ἐστι
586 1915 707 1974 ναυτικδν
719 1919 780 1974 irrr-
821 1924 859 1975 bis
868 1929 905 1975 est
914 1925 1080 1989 comparandae
1090 1926 1175 1976 classis
1184 1939 1249 1975 cura.
1282 1928 1337 1975 lam
1349 1928 1414 1974 artes
1421 1923 1452 1973 ad
1462 1923 1516 1973 bac
1524 1934 1608 1973 neces·

36 2001 121 2056 uidae.
130 2001 157 2076 (ι)
165 1997 242 2059 ’niti
252 1998 307 2078 μὴν
316 2000 362 2067 τάς
368 2022 398 2080 γε
407 1999 502 2079 τέχνας
511 1999 559 2069 ad<
566 2000 627 2082 περί
634 2007 719 2060 ταῦτα
726 2001 780 2061 πά·
822 2012 892 2062 sariae
905 2013 1000 2077 proprie
1010 2017 1098 2063 restrae
1108 2017 1165 2063 sunt
1176 2028 1182 2062 :
1195 2017 1220 2064 et
1233 2026 1279 2062 usu
1294 2018 1366 2076 atque
1376 2011 1524 2076 experientia
1532 2010 1603 2060 mari·

35 2091 153 2160 ταιοδκείοις
162 2093 245 2174 ἔχετε.
304 2095 359 2154 Καί
374 2093 426 2172 μὴν
438 2094 561 2178 ἐμπειρία
575 2119 604 2173 γε
616 2096 683 2156 πολὺ
698 2095 780 2179 προέ-
825 2100 936 2150 limarum
946 2101 1339 2164 rerumlongeceterosexeeltitis.
1373 2105 1433 2150 Nam
1441 2099 1609 2162 maximopere

34 2195 74 2250 tre
91 2183 135 2236 τῶν
151 2181 237 2240 ἄλλων
260 2180 322 2264 περὶ
341 2181 375 2240 τδι
397 2183 516 2242 ναυτικά·
540 2188 554 2242 θ
577 2183 629 2267 γδιρ
653 2181 707 2264 βίος
728 2193 782 2252 τοῖς
822 2193 929 2240 restmm
945 2203 975 2238 ex
994 2190 1024 2238 iis
1039 2190 1141 2240 victitat.
1173 2194 1227 2249 Quo
1242 2189 1284 2250 tit,
1301 2189 1350 2251 uti,
1366 2189 1425 2238 dum
1441 2202 1480 2238 res
1498 2189 1605 2254 privatas

34 2263 132 2334 πλείστοις
140 2273 209 2346 ὑμῶν
222 2269 278 2328 ἀπὸ
288 2275 335 2341 τῆς
347 2269 484 2342 θαλάττης*
497 2269 560 2339 ὥςτε
572 2277 624 2332 τῶν
636 2271 708 2332 ἰδίων
723 2277 783 2332 ἐπι·
823 2277 926 2337 curatis,
934 2277 1006 2326 simut
1016 2277 1089 2327 ettam
1097 2277 1272 2327 maritimorum
1279 2277 1437 2328 certaminum
1445 2289 1516 2326 usum
1525 2289 1607 2326 conse·

33 2352 137 2428 μδέμενοι
157 2355 214 2434 ἅμα
232 2355 346 2418 καὶτῶν
363 2355 432 2416 κατά
453 2357 585 2418 θάλατταν
601 2358 710 2439 ἀγώνων
730 2358 782 2438 tp·
824 2365 939 2427 quanin.
974 2365 1055 2425 Adde,
1070 2365 1136 2429 quod
1152 2377 1273 2429 nusquam
1288 2365 1364 2426 maior
1377 2365 1510 2415 triremium
1526 2362 1609 2428 copia,

32 2455 93 2516 stipor
114 2441 235 2520 γίγνεσθε.
279 2443 342 2506 Ἔτι
368 2443 396 2503 δὲ
419 2443 465 2504 καί
488 2444 556 2504 τάδε·
579 2447 723 2526 οὐδαμόθεν
750 2447 782 2507 διν
824 2465 924 2515 quama
938 2452 1153 2517 robis,prodeat:
1171 2467 1336 2516 quaeresnon
1352 2451 1478 2516 parumad
1492 2451 1610 2516 principa·

22 2526 114 2606 ’τιάρας
132 2531 238 2601 πλείους
258 2531 352 2614 ἀθρόαι
375 2531 545 2592 ἐκπλεύσειαν
569 2533 587 2606 ἢ
612 2536 675 2616 παρ’
700 2539 782 2614 ὑμῶν,
827 2544 878 2588 tum
894 2539 1010 2589 momenti
1021 2539 1099 2589 affert.
1132 2542 1193 2590 itam
1207 2539 1321 2601 adeum,
1338 2540 1441 2604 quijanr
1457 2543 1608 2603 potensest,

29 2603 123 2673 Ἐσπιδὲ
141 2623 218 2678 τοῦτο
237 2621 289 2679 cdx
309 2619 448 2700 ἐλάχιστον
468 2621 532 2702 πρὸς
546 2622 698 2701 ἡγεμονίαν·
719 2624 784 2704 πρὸς
825 2626 935 2676 lubenter
950 2641 1034 2677 omnes
1050 2641 1076 2678 se
1096 2627 1230 2678 consternat,
1263 2628 1372 2692 Denique
1389 2628 1506 2677 divinitus
1522 2628 1568 2677 bac
1585 2627 1611 2677 in

22 2697 200 2784 ,γίρπδπριῖοτον
211 2707 323 2789 ἰσχυρὸν
332 2707 572 2786 γενέμενονῆδιστοι
583 2709 681 2778 πάντες
691 2710 786 2771 eutii-
826 2717 893 2776 parte
911 2715 1022 2777 quedam
1038 2715 1108 2765 robis
1126 2719 1164 2765 est
1182 2729 1296 2766 concessa
1313 2715 1422 2766 felicitas.
1455 2719 1516 2766 Nam
1533 2729 1610 2778 quum

31 2803 100 2858 τνντοι
138 2795 169 2870 (α)
183 2792 250 2856 Ἔτι
273 2794 302 2853 δὲ
319 2795 366 2853 καὶ
380 2795 433 2854 ἀπὸ
452 2800 505 2854 τῶν
519 2799 583 2856 θοῶν
602 2797 705 2857 δέδοται
724 2802 784 2877 ὑμῖν
826 2800 1047 2867 plurimis,eisque
1064 2804 1175 2853 maximis
1193 2805 1363 2854 certaminibus
1380 2803 1482 2854 inmari
1504 2801 1611 2853 defuncti

29 2871 116 2953 ὀτοχεῐν
126 2879 260 2963 ἐντούτῳ·
272 2881 411 2950 πλείστους
420 2881 471 2964 γδιρ
478 2881 523 2941 καὶ
535 2882 673 2963 μεγίστους
684 2888 786 2962 ἀγῶνας
828 2889 893 2950 sitis,
906 2893 987 2940 umen
999 2890 1023 2938 in
1033 2890 1117 2953 paucis
1128 2889 1259 2940 admodum
1269 2904 1383 2941 successu
1393 2890 1517 2952 caruistis,
1527 2889 1552 2940 iu
1560 2890 1612 2954 piu·

27 2957 250 3039 θγονιηάωικατά
265 2968 399 3028 θάλατταν
415 2969 542 3049 ἐλάχιστον
554 2969 601 3048 μὲν
616 2972 786 3053 ἀποτετυχή-
828 2976 894 3025 rimis
906 2989 932 3026 re
944 2991 1059 3040 prospere
1068 2983 1143 3039 gesta.
1177 2977 1340 3036 Quamobrem
1354 2981 1541 3027 consentaneum
1558 2981 1612 3039 est,

28 3063 80 3119 tan,
92 3053 197 3114 πλεῖστα
213 3055 242 3114 δὲ
266 3054 470 3137 κατωρθώκατε.
512 3058 591 3125 Εἰκὸς
605 3050 649 3117 σύν
663 3059 709 3120 καὶ
727 3060 787 3129 τοὺς
828 3064 901 3113 etiam
917 3065 995 3114 mulos
1010 3065 1177 3116 lubentissime
1193 3065 1316 3116 vobiscum
1333 3065 1386 3116 hmo
1401 3065 1506 3128 periculs
1522 3066 1612 3116 subire.

26 3137 149 3218 νομμάχους
164 3145 224 3220 μεθ’
239 3147 318 3223 ὑμῶν
337 3143 368 3204 ἃν
382 3145 477 3216 ἥδιστα
495 3146 588 3206 τούτου
602 3153 648 3206 τοῦ
667 3148 786 3208 κινδύνου
827 3153 882 3200 dam
891 3151 1017 3201 maritimrs
1027 3153 1061 3202 rei
1068 3167 1151 3202 curam
1158 3152 1267 3216 inprimis
1277 3153 1307 3202 ad
1319 3158 1409 3214 vos,et
1419 3153 1552 3203 necessario
1563 3154 1613 3217 qui·

25 3223 124 3304 μετέχειν.
164 3229 213 3300 Ὡς
233 3231 264 3291 δὲ
286 3231 319 3305 δὴ
339 3229 384 3292 κάλ
403 3233 534 3312 ἀναγκαία
554 3234 600 3294 καί
619 3236 787 3318 προς-ηκουσα
828 3238 884 3290 dem
891 3240 1018 3303 pertinere,
1026 3239 1099 3290 uelim
1107 3241 1189 3290 cubuc
1196 3241 1614 3305 perpendatis:gessemntadrersus

25 3309 65 3380 'tii‘
74 3313 318 3398 timnimpsa'bsm
329 3322 359 3379 ἐκ
371 3323 453 3379 τῶνδε
467 3321 637 3400 ἐνθυμήθητε.
679 3325 713 3404 (α)
730 3329 786 3385 Λα-
829 3329 1013 3392 vosatiquando
1026 3329 1115 3380 bedam
1127 3329 1289 3380 multisannis
1305 3329 1612 3393 Lacedaemonii,etquen·

25 3397 151 3476 ιεδειμύννοι
165 3409 230 3483 ὑμῖν
244 3405 394 3484 ἐπολέμουν
409 3407 472 3468 ποτὲ
487 3408 573 3468 πολλὰ
588 3409 649 3483 ἔπη,
662 3411 707 3470 καί
722 3435 788 3492 κρα-
829 3429 902 3479 quam
917 3430 972 3478 agro
987 3420 1069 3467 restro
1086 3418 1230 3480 potirentur,
1250 3417 1324 3467 nihilo
1340 3421 1419 3467 minen
1436 3419 1511 3481 magis
1527 3417 1616 3470 idcirco

23 3487 97 3583 pina
108 3495 153 3560 τῆς
165 3491 264 3574 χώρας
287 3491 361 3551 οὐδὲν
378 3493 544 3575 προύκοπτον
563 3498 599 3564 εἰς
616 3497 645 3556 τὸ
660 3499 788 3558 ἀπολέσαι
830 3515 874 3554 τοι
890 3505 990 3568 perdere
1001 3505 1110 3555 funditus
1126 3508 1263 3569 potuerunt.
1298 3505 1441 3556 Verumubi
1460 3505 1555 3556 tandem
1573 3507 1616 3556 nli·

24 3577 77 3638 'teit-
111 3577 188 3638 Ἐπεί
200 3579 223 3638 δ’
237 3583 254 3638 θ
269 3579 330 3646 θεὸς
341 3579 424 3639 ἔδωκε’
435 3605 499 3640 ποτε
510 3585 597 3650 αὐτοῖς
607 3584 676 3642 κατδι
690 3585 789 3644 θάλατ-
830 3592 999 3654 quandodeus
1013 3591 1286 3654 buceisconcessit,ut
1300 3594 1372 3644 etiam
1388 3595 1539 3644 martremm
1555 3595 1617 3658 poti·

22 3659 245 3764 mimpaeiaai,
257 3664 335 3735 εὐθὺς
345 3671 389 3726 ὑπ’
399 3669 504 3737 ἐκείνοις
517 3673 652 3742 παντελῶς
663 3671 788 3752 ἐγένεσθε.
830 3684 927 3741 rentur,
945 3681 1070 3730 confestim
1087 3680 1111 3730 in
1129 3696 1211 3733 eorum
1228 3685 1371 3746 potestatem
1391 3683 1487 3745 penitus
1504 3683 1615 3734 venistis.

22 3741 98 3804 [λθ-οἷν
113 3752 224 3824 εύδηλον
245 3758 277 3814 ἐν
293 3754 393 3822 τούτοις
407 3756 476 3815 ἐστὶν
494 3756 533 3816 θεν
550 3761 579 3816 ἐκ
599 3765 645 3832 τῆς
659 3761 790 3834 θαλάττης
831 3769 867 3818 De
885 3781 934 3830 quo
953 3768 1002 3829 jam
1018 3769 1143 3832 perspicue
1165 3773 1244 3833 putet,
1261 3774 1337 3818 totam
1355 3769 1457 3820 salutem
1477 3774 1582 3822 vestram
1602 3787 1618 3823 a

22 3825 460 3931 ‘femiuirriprnruriuurrapim
502 3839 791 3930 (λθύτωςούνπερυ-
831 3857 1011 3921 maripeudere.
1045 3863 1126 3918 Quum
1137 3861 1208 3923 igitur
1216 3861 1249 3910 ita
1258 3866 1401 3924 comparate
1411 3867 1544 3912 resvestrae
1554 3863 1616 3922 sint,

22 3930 136 4024 lituram<
146 3929 178 3986 διν
186 3929 248 4009 ἔχοι
258 3931 350 3998 καλῶς
358 3934 420 4009 ύμῖν
429 3933 645 4010 Λακεδαιμονίοις
652 3935 790 4017 ἐπιτρέψαι
832 3949 931 4008 qutmm
942 3947 1011 3997 robis
1022 3947 1146 4010 expediat,
1159 3949 1296 4013 permittere
1307 3949 1509 4011 Lacedaemoniis,
1519 3955 1546 4000 ut
1557 3949 1618 4000 mari

22 4022 71 4063 ιατα
81 4011 209 4075 θάλατταν
221 4023 368 4095 ἡγεῖσθαι;
382 4016 407 4076 οδ
415 4023 508 4099 πρῶτα
521 4020 568 4096 μὲν
582 4019 627 4078 καλ
642 4022 716 4080 αὐτοὶ
728 4025 793 4100 θμο-
833 4045 913 4081 rerum
923 4033 1060 4095 potiantur?
1071 4033 1108 4083 lili
1119 4034 1232 4084 nimirum
1242 4036 1347 4098 primum
1359 4037 1405 4100 ipsi
1417 4038 1532 4097 fatentur,
1545 4049 1571 4087 se
1583 4036 1617 4086 rei

22 4085 112 4166 ίοηοῖνοιν
133 4103 312 4184 ἀπειρότεροι
336 4107 410 4181 ὑμῶν
432 4103 524 4166 τούτου
543 4113 590 4166 τοῦ
612 4107 688 4190 ἔργου
710 4099 791 4181 εἶναι,
833 4117 935 4168 mutium
948 4119 1105 4182 imperitiores
1119 4121 1189 4170 robis
1204 4133 1277 4170 esse:
1295 4121 1382 4174 deiude
1397 4137 1444 4173 non
1456 4137 1499 4187 par
1510 4124 1618 4186 utrisque

22 4173 87 4281 ίκειτα
98 4187 117 4244 δ’
129 4191 157 4248 ού
167 4191 234 4272 περὶ
244 4195 304 4250 τῶν
314 4189 379 4250 ίσων
391 4190 530 4260 existant<
541 4196 611 4253 ἐστιν
622 4199 648 4254 ἐν
658 4205 711 4264 τοῖς
723 4195 792 4255 κατὰ
833 4203 966 4279 periculum
977 4206 1103 4256 maritimis
1119 4207 1143 4256 in
1157 4208 1329 4259 certaminibus
1344 4214 1381 4259 est
1396 4209 1558 4274 propositum
1575 4209 1618 4260 sed

22 4281 122 4330 mamus
141 4280 259 4355 ἀγῶσιν,
278 4277 340 4335 ἀλλ’
354 4277 459 4346 ἐκείνοις
478 4277 526 4354 μὲν
544 4279 605 4362 περὶ
623 4286 675 4340 τῶν
689 4285 716 4341 ἐν
735 4291 793 4352 ταῖς
833 4292 881 4342 illis
890 4288 986 4355 quidem
1000 4295 1078 4356 agitur
1089 4294 1119 4345 de
1136 4296 1165 4345 iis
1177 4296 1314 4346 bominibus
1326 4301 1435 4359 tanturn,
1451 4297 1617 4360 quibustrire·

22 4365 109 4430 ‘idisti
120 4359 200 4436 μόνον
212 4361 378 4446 ἀνθρώπων,
389 4368 450 4443 ὑμῖν
463 4363 491 4424 δὲ
505 4365 551 4425 καὶ
562 4367 623 4449 περί
633 4368 735 4428 παίδων
745 4369 792 4430 καί
835 4393 887 4430 mes
902 4381 1059 4444 complentur,
1077 4383 1217 4434 vobisrero
1231 4385 1263 4434 de
1277 4385 1620 4448 liberis‚uxoribus,ciritato
1698 4409 1699 4416 ν

22 4451 120 4539 Μανιῶν
138 4453 185 4510 καὶ
204 4453 277 4524 ὅλης
297 4458 346 4523 τῆς
359 4451 468 4521 πολεως.
512 4456 543 4532 (s)
564 4455 670 4515 Καιτο
692 4455 791 4534 μὲνδὴ
835 4471 953 4520 universa.
987 4475 1065 4534 atoue
1075 4472 1127 4521 trac
1139 4477 1274 4524 vestrarum
1284 4479 1409 4526 astrorum
1418 4474 1619 4534 eonditimbace·

22 4521 107 4608 δέδῖῑρα
117 4537 198 4608 αύτως
210 4540 285 4621 ἔχει·
303 4537 337 4597 τά
351 4537 378 4598 δὲ
392 4543 444 4599 τῶν
457 4541 674 4619 Λακεδαιμονίων
687 4546 793 4605 ἐπισκέ-
835 4556 1008 4608 daemoniorum
1025 4573 1139 4624 veroque
1155 4567 1225 4626 pacto
1241 4563 1285 4624 sit,
1300 4561 1372 4611 etiam
1389 4562 1477 4612 videte.
1511 4561 1620 4612 Primum

22 4607 87 4684 Μ*
126 4627 244 4704 Πρῶτον
263 4623 319 4705 μὲν
332 4622 384 4708 γδιρ
399 4629 512 4686 οἰκοῦσιν
528 4631 554 4687 ἐν
570 4630 708 4712 μεσογαίᾳ·
728 4631 792 4699 dicre
836 4644 1033 4696 mediterraneam
1046 4649 1166 4710 regionem
1175 4649 1281 4699 meoluut
1295 4665 1300 4698 :
1314 4649 1621 4714 quoftt,uttametsimari

22 4717 53 4799 {tt
63 4720 277 4812 Υιςμρατοῦντσς
290 4713 339 4772 καί
351 4715 373 4772 ui
386 4713 515 4786 θαλάττης
527 4714 666 4796 εἴργοιντο,
679 4718 791 4780 δύναιντ’
836 4738 970 4796 arceantur,
988 4735 1142 4786 nihilominus
1158 4737 1231 4788 ritarn
1245 4751 1314 4802 agere
1330 4738 1497 4802 percommodo
1512 4738 1622 4801 possint,

22 4804 131 4865 ”menig
149 4799 258 4872 διαζῆν.
309 4799 470 4878 Ἔγνωκύτες
490 4793 533 4862 ούν
555 4803 601 4862 καί
620 4806 694 4866 αὐτοί
711 4815 795 4868 ταῦτα
836 4820 1201 4888 idcircoquodterraputiantur.
1226 4829 1370 4890 Quanquam
1382 4831 1406 4876 et
1418 4827 1464 4891 ipsi
1473 4825 1620 4888 intelligant,

22 4879 74 4981 iiie}
82 4887 220 4945 απαῖδων
231 4885 359 4968 πρδςτδν
369 4886 493 4968 κατδγῆν
503 4889 618 4970 πολεμον
625 4893 673 4966 rin
684 4894 796 4970 ἄσκησιν
836 4909 918 4958 statim
930 4923 944 4958 a
956 4911 1037 4974 pneris
1048 4913 1080 4961 ad
1091 4926 1120 4962 ea
1131 4925 1157 4962 se
1166 4913 1229 4963 betta
1237 4914 1433 4975 consuefaciuat,
1444 4927 1498 4978 quse
1508 4917 1571 4963 terra
1582 4927 1621 4978 ge·

22 4977 137 5068 'numm
180 4973 454 5038 Καλπδπλείστουδ
468 4976 795 5053 άξιον,τδπείθεσθαντοῖς
836 5000 1621 5063 ruutur5etqnaequidemresmaximiestmomenti,nimirum

22 5069 131 5150 inponere,
142 5053 217 5122 οὗτοι
228 5061 283 5140 μὲν
297 5061 435 5142 κράτιστοι
449 5065 518 5126 κατὰ
532 5073 590 5148 γῆν,
603 5073 677 5147 ὑμεῖς
689 5070 716 5130 δὲ
728 5073 796 5133 κατδ
837 5089 865 5135 nt
880 5085 1058 5148 magistratibus
1071 5093 1196 5152 pareatur,
1210 5089 1234 5138 iu
1244 5090 1290 5139 hnc
1301 5089 1346 5152 ipsi
1359 5091 1479 5154 praecipue
1491 5095 1554 5140 terra
1564 5104 1622 5155 prm

22 5153 138 5210 ”timu
181 5153 215 5232 (ν)
228 5145 358 5214 Ἔπειτα
368 5151 395 5212 δέ
405 5152 491 5235 ὥσπερ
500 5161 798 5242 θμεῖιναυτικῷ,ούτως
839 5177 916 5235 suat,
933 5187 976 5224 ros
987 5175 1056 5225 meri.
1090 5175 1181 5227 Deinde
1197 5177 1402 5241 quemadmodum
1418 5191 1463 5231 ros
1478 5179 1609 5230 maridmas

105 5289 236 5332 ffloettntt.
1531 5283 1557 5320 llo
