3394 5626
528 333 706 396 attestati
729 333 978 395 ARGUMENTA.
1495 347 1546 406 χιχ

22 463 111 516 sumas
127 467 150 512 ct
171 461 291 513 thebanos
315 461 557 526 mcecmrcmosque
581 463 723 514 convocarit

23 536 99 596 ltrlytos
112 533 139 582 cd
152 546 230 595 pamm
249 531 429 582 restituendam.
462 533 507 582 llic
523 547 579 582 cnm
596 537 721 584 Messenen

23 603 156 654 taedancnii
170 602 264 652 liberam
280 603 400 652 dimittere
415 602 518 664 nolient,
537 603 566 654 ad
584 604 673 654 beilum
692 604 721 652 iis

23 675 120 724 modurn
129 673 237 723 Philiscus
248 687 360 735 magnum
374 674 505 724 armatum
518 675 619 737 paravit
652 675 721 725 Ausi·

24 745 114 794 teman
127 743 194 791 mittit
205 743 339 804 Dionysius.
373 747 436 793 cum
449 743 523 793 biset
533 744 721 794 Lacedaemoniis

24 813 139 862 ssimum
148 815 231 874 caryae
239 817 359 876 expugnat
376 816 402 862 et
411 813 501 864 inmhs
512 827 596 864 omnes
605 815 721 874 trucidat,

22 883 79 934 tare
92 885 159 932 raatat
174 883 347 932 Parrhasiam
366 897 445 946 agrm.
477 888 531 935 iam
544 885 653 935 cissidos
671 884 721 933 dux

21 955 118 1003 stolam
125 953 548 1016 mmprcfectionampararet,hostes
557 955 660 1005 reditum
669 955 721 1016 ejus

20 1023 136 1072 'nladndere
143 1023 283 1072 combantnr
299 1039 306 1070 ι
322 1024 366 1072 sed
382 1025 413 1074 ab
424 1025 567 1075 Archidamo
586 1025 721 1076 incredibili

19 1095 64 1144 riade
74 1099 118 1142 mot
130 1093 216 1154 adecti,
224 1093 299 1144 salvis
311 1094 426 1146 omuibus
436 1096 466 1144 ad
479 1110 553 1146 unum
571 1095 722 1146 Lacedaemo·

19 1165 56 1212 ris.
80 1163 169 1212 thebani
184 1164 308 1226 impe-tuor
322 1168 460 1215 Graecomm
475 1165 567 1215 dudum
582 1165 722 1215 associantes

19 1233 118 1294 curpho
128 1233 218 1282 mittunt
227 1234 259 1284 ad
270 1247 352 1296 regem
365 1249 371 1284 ι
385 1235 427 1298 qui
438 1235 537 1285 consilio
549 1239 573 1285 et
584 1235 722 1297 eloquentia

18 1305 117 1364 macerit
129 1305 157 1352 ah
168 1317 195 1353 eo
210 1309 238 1354 ot
251 1305 318 1367 pacis
329 1305 457 1355 formulam
474 1307 603 1368 scriberet,
623 1320 652 1354 err
674 1317 723 1368 qua

17 1375 95 1420 taen
103 1372 298 1423 alacadasmouiis
310 1375 385 1423 tihera
392 1381 470 1436 esset,
480 1376 637 1426 Athenienses
647 1388 722 1425 nares

18 1443 150 1504 abducerent,
164 1443 259 1507 reliqum
274 1445 388 1495 civitates
402 1447 455 1496 haec
468 1447 542 1496 armis
557 1445 720 1496 defenderent.

18 1515 86 1562 biam
95 1513 205 1564 formulam
213 1527 269 1564 cnm
281 1516 400 1566 corinthii
410 1517 491 1579 jurare
500 1517 603 1575 nollent,
615 1516 722 1578 complu·

18 1597 43 1629 rrs
53 1583 194 1632 mercare
204 1585 276 1646 lrnyos
284 1587 425 1650 exemplum
435 1593 524 1637 secute
537 1592 649 1636 conatum
661 1589 721 1636 The·

19 1652 101 1701 hurum
128 1652 225 1703 huernm
254 1655 360 1704 irritum.
399 1657 578 1719 Epaminondas
612 1657 722 1706 civitates

20 1723 84 1770 frisia
95 1724 188 1784 partibas
204 1725 376 1774 thebanorum
392 1726 521 1789 adjungere
538 1726 639 1788 cupiens
656 1726 720 1778 hello

20 1803 46 1838 ras
56 1792 105 1851 petit.
132 1793 173 1842 Sed
180 1807 235 1844 cnm
250 1795 382 1858 optimates
393 1797 474 1846 statim
484 1810 539 1846 cum
549 1809 578 1845 co
585 1809 612 1846 se
623 1798 720 1858 conjun-

20 1867 86 1919 trrrct,
97 1863 146 1912 nihil
156 1864 216 1914 aliod
232 1866 280 1914 nisi
299 1865 380 1918 faedus
395 1879 452 1916 cum
465 1867 494 1916 iis
510 1867 612 1930 pepigit,
625 1881 655 1916 es
674 1881 722 1929 quo

20 1933 207 1984 arithehrrromm
225 1941 310 1986 essent
325 1936 351 1985 in
368 1937 435 1986 omni
446 1937 517 1987 helio.
551 1939 582 1988 tii
598 1938 722 1987 civitatum

21 2002 273 2067 yammmmopprcssa
290 2007 402 2070 populari
415 2007 518 2058 tectione
533 2009 722 2058 Lacedaemoniis

21 2072 115 2131 eademi,
125 2073 221 2124 Arcades
232 2075 258 2124 in
277 2075 361 2125 medio
373 2077 497 2126 constituti
513 2077 611 2140 ancipiti
630 2091 722 2141 preme·

21 2139 78 2188 haur
91 2143 186 2202 paleato.
218 2145 291 2208 Apud
319 2144 445 2208 sicyonios
467 2146 582 2210 Euphron
608 2147 723 2210 populare

22 2211 118 2272 hacun,
128 2217 152 2262 ut
162 2213 234 2264 rideri
246 2216 362 2276 volebat,
372 2215 488 2275 instituit,
501 2215 544 2265 sed
553 2218 632 2279 reipsa
644 2222 723 2278 tyran·

21 2281 72 2328 mro
81 2285 196 2345 oempsm.
208 2311 238 2320 -
254 2288 316 2336 (irre.
330 2289 362 2335 ll.
375 2286 474 2336 Phliasii
486 2291 568 2336 autem
580 2287 611 2337 ab
629 2287 722 2349 Argivis

21 2353 126 2410 esayam
134 2360 263 2406 commeatu
271 2355 361 2418 privati
369 2356 392 2404 tir
398 2369 462 2404 mam
471 2369 525 2406 cum
534 2357 723 2406 Lacedaemoniis

22 2419 110 2471 mutan
118 2424 245 2474 tneharrtrrr.
280 2426 362 2488 liujus
381 2425 437 2475 fidei
448 2431 472 2476 et
489 2439 546 2476 vero
566 2428 639 2476 etiarn
655 2427 723 2478 fo'rti·

22 2491 80 2538 trdus
93 2495 148 2554 para
169 2493 315 2544 documenta
333 2497 407 2545 etiam
432 2509 445 2545 e
464 2497 627 2559 superioribus
653 2499 723 2549 annis

21 2561 128 2620 plicantur
136 2565 163 2612 ah
171 2571 285 2626 anctore,
297 2565 324 2614 in
337 2565 427 2628 quibus
440 2567 514 2628 illud,
523 2567 588 2629 quod
598 2582 654 2618 curn
663 2570 723 2632 ipso-

21 2633 293 2685 rmrucierahlileorum
306 2633 473 2699 Arcadumque
487 2651 560 2686 manu
579 2638 654 2701 adjuti
667 2639 722 2689 dolo

22 2701 360 2768 hrrhmlrroissentetcaptam
367 2706 418 2768 jam
427 2709 722 2771 tenerentacropolin,eos

23 2771 166 2833 meimet
173 2775 368 2838 partimemuris
377 2777 472 2827 desilire
479 2783 722 2840 coegerunt-cra.

23 2841 49 2886 lll,
58 2845 120 2892 ines
129 2845 241 2897 Arcadum
252 2845 308 2895 dux
323 2847 440 2910 sicyoniis
461 2847 596 2898 domestico
614 2849 678 2901 malo
689 2852 722 2901 hr-

24 2909 117 2962 hmihos
123 2929 172 2964 mar
180 2917 291 2967 exmeitu
299 2919 431 2978 succurrit;
441 2923 466 2968 et
475 2919 500 2968 in
506 2919 627 2982 accopoiin
636 2935 722 2972 conro-

22 2985 46 3024 rat
53 2995 110 3032 cmm
119 2986 227 3049 principes
237 2993 264 3036 et
272 2986 373 3037 exsrrles
385 3003 431 3038 non
442 2989 537 3050 publice
548 2990 645 3052 ejectos.
677 2995 722 3043 liu·

22 3049 71 3108 ptam
82 3057 146 3104 min
161 3058 266 3120 confugh
281 3057 308 3106 in
320 3064 431 3120 portum,
444 3072 548 3122 eumque
566 3060 639 3110 tradit
650 3066 723 3114 Lace·

21 3117 112 3171 manis
138 3129 219 3178 Postea
237 3141 300 3177 cum
317 3129 425 3178 'thebani
447 3129 583 3191 sicyoniam
602 3132 723 3195 acropolin

22 3189 136 3253 irarum
153 3197 268 3246 bonham
290 3197 410 3260 profectus
422 3211 478 3248 com
490 3199 611 3250 Thebanis
628 3201 658 3252 dc
675 3208 724 3253 tota

22 3259 147 3316 himinis
161 3265 205 3315 sihi
217 3267 338 3318 tradenda
351 3282 421 3328 agere
437 3269 538 3319 rolehat
570 3271 617 3322 Sed
630 3273 655 3322 in
672 3275 724 3338 ipsa

23 3328 563 3399 falnaacribusquibusdamsuisoocisusest.
573 3368 603 3376 —
613 3345 670 3393 cre.
681 3347 722 3394 lv.

23 3397 102 3460 heca,
110 3403 189 3453 scchrn
200 3407 385 3456 Atheniensium
394 3408 531 3469 ciuitatem,
543 3413 641 3462 exsules
650 3427 723 3464 occu-

23 3475 63 3522 lui·
86 3473 172 3523 Arcada
180 3489 255 3526 suasu
266 3477 409 3539 Lycomedis
418 3477 448 3528 de
460 3481 575 3532 societate
584 3497 639 3532 cum
651 3485 723 3535 Athe-

23 3539 407 3610 umhcsagantmmqoechtinent.
441 3549 530 3602 Eodem
540 3556 723 3616 temporcAthe·

23 3615 82 3656 rene
97 3611 173 3662 frastra
188 3615 298 3665 corinthi
321 3617 450 3680 imperium
474 3619 626 3672 affectabant.
659 3629 723 3676 cum

24 3681 267 3735 tcrrforirrlhiiderebos
275 3687 383 3748 saisiam
390 3691 465 3751 magis
473 3691 568 3742 solliciti
575 3693 724 3760 laborarent,

24 3743 165 3801 ildebertum
175 3767 231 3804 com
241 3757 432 3808 Lacedasnonfis
443 3763 468 3809 et
479 3762 602 3812 Thebanis
614 3765 659 3814 hac
672 3765 724 3831 iege

24 3822 38 3858 d
50 3826 136 3876 *amhn
153 3825 175 3872 in
192 3825 253 3888 ipsis
270 3832 335 3876 esset
355 3827 386 3878 ab
403 3831 469 3880 omni
485 3831 547 3882 bello
568 3833 723 3887 abstinerent

25 3887 81 3934 *affl
95 3895 186 3954 tmpore
202 3897 338 3958 Dionysias
350 3899 432 3960 junior
448 3903 636 3954 lacedaemoniis
657 3908 724 3958 misit

24 3951 107 4007 hubam
115 3961 226 4025 triremes,
235 3967 326 4028 quibos
335 3967 368 4017 iili
380 3969 455 4032 adjuti
468 3973 593 4023 Sellasiam
602 3989 723 4038 oppugna·

25 4031 62 4070 cas
85 4029 126 4078 hiri
143 4036 264 4086 hannem
286 4037 404 4088 Amadum
424 4041 520 4104 urbem,
538 4049 566 4094 nt
589 4047 724 4108 antiquitus

24 4103 189 4164 mimorum
220 4108 328 4158 Arcades
345 4110 417 4170 igitur
427 4111 517 4162 bellum
530 4113 559 4163 iis
578 4115 682 4180 faciunt,
695 4133 724 4169 ea

23 4166 85 4220 mem
99 4171 130 4220 osi
146 4173 432 4244 reclamationem
451 4184 535 4234 urbem
546 4184 640 4236 Eiidem
653 4201 723 4250 pene·

24 4235 90 4297 w‘Pb
99 4253 125 4289 εἰ
134 4257 178 4306 ryca
191 4251 273 4300 tamen
284 4263 340 4300 mos
359 4255 416 4302 sunt
427 4253 504 4316 ejecti.
537 4257 661 4307 Discordia
672 4259 723 4311 Elei

23 4303 82 4382 Q
91 4309 222 4367 manase
255 4320 325 4370 Unde
337 4322 440 4372 Arcades
451 4323 481 4372 ah
490 4325 605 4376 alterutra
619 4328 724 4380 factione*

24 4375 70 4434 h‘hh
82 4383 158 4433 hdtim
167 4388 272 4451 reliquos
282 4393 436 4454 superabant.
469 4397 556 4446 Postea
571 4411 626 4446 curn
642 4400 724 4450 Achai

25 4442 159 4502 ticristatam
176 4457 289 4509 Eleorum
304 4463 475 4525 accessissent,
491 4477 516 4514 et
538 4481 622 4517 eorum
639 4469 724 4519 urbem

26 4521 152 4578 Piltm'rho
168 4527 300 4591 tacentur,
312 4529 417 4580 Arcades
434 4545 496 4582 nova
505 4537 658 4598 expeditione
674 4553 724 4590 sus·

26 4591 66 4640 aaa
75 4603 118 4639 tarn
133 4599 276 4660 merri
294 4601 446 4652 Pallenenses
466 4605 560 4656 alicam
572 4609 647 4670 tueri,
665 4610 724 4660 ohr-

26 4661 267 4738 'Ptaqtprrcntaquo
275 4669 326 4733 ipso
335 4675 416 4722 tamen
424 4674 448 4723 ri
458 4677 623 4740 suntespulsi.
656 4681 724 4729 Nora

26 4725 106 4808 “hirta
121 4735 230 4786 Arcadum
252 4739 351 4792 feliciter
369 4741 442 4792 cedit
474 4747 529 4796 lam
547 4747 724 4798 Lacedaemonii

26 4789 95 4846 huss
105 4805 191 4855 ercihti
202 4809 233 4857 ad
242 4809 331 4861 bellurn
341 4811 458 4863 adsersus
466 4815 571 4866 Arcadas
579 4817 723 4868 Archidamo

27 4856 183 4950 &humanm
194 4887 326 4944 occupant,
341 4885 502 4948 presidioque
521 4887 605 4938 relicto
624 4888 723 4940 domum

28 4933 97 4986 Ἥ
124 4945 220 4996 Arcades
239 4952 320 5001 statim
336 4955 468 5004 cmmnum
488 4956 607 5007 obsident
639 4961 724 5009 Denuo

29 5006 70 5080 ‘ill
83 5013 171 5088 namtas
185 5019 340 5072 Archidamus
359 5039 364 5070 :
384 5023 429 5074 sed
445 5039 494 5075 rem
510 5029 570 5090 gerit
590 5029 722 5080 infeliciter.

30 5067 90 5122 ham
104 5083 142 5144 pa
153 5087 201 5136 litei
215 5089 311 5141 exsules
323 5093 421 5144 rinconi
439 5099 465 5145 et
481 5097 567 5160 Pylnrn
578 5105 722 5163 expugnant.

794 466 850 512 tarn
858 463 1112 516 tacedmmorriinocm
1122 468 1254 518 cmmnnm
1265 467 1364 532 ynufectt
1375 467 1465 520 ratium
1475 482 1544 522 occu·

794 537 853 594 pant
863 539 888 583 et
897 547 955 582 suos
964 547 994 584 ea
1006 535 1065 585 urbe
1073 541 1181 586 evocant.
1213 538 1261 588 sed
1269 552 1325 588 curn
1334 539 1438 590 Arcades
1449 553 1546 591 concur·

794 608 887 663 recent,
904 604 959 666 phrs
976 608 1074 654 centum
1085 606 1286 668 prasidiariomm
1297 609 1322 658 in
1333 621 1418 660 comm
1429 613 1546 660 recerunt

794 677 947 734 potestatem.
981 677 1094 738 sequitur
1112 681 1207 740 tempus
1222 677 1333 728 ludorum
1348 681 1543 744 olympicomm,

794 755 855 803 ‹yucs
867 743 971 794 Arcades
982 758 1038 794 cum
1049 746 1136 796 Pisatis
1146 760 1260 810 apparare
1270 753 1399 812 coeperant.
1433 749 1481 800 sed
1495 750 1545 800 Elei

794 825 869 876 pmpe
888 814 1026 878 Olympiam
1043 815 1156 866 inusitata
1168 817 1307 869 fortitudine
1324 832 1380 868 cum
1394 819 1424 868 iis
1435 819 1545 871 mamre·

794 888 863 944 runt,
874 888 898 933 et
909 899 969 948 pene
980 899 994 935 e
1010 884 1062 936 loco
1072 899 1141 936 sacro
1150 885 1296 949 dejecerunt.
1329 889 1376 940 sed
1387 894 1473 940 tamen
1488 903 1546 940 cum

795 953 911 1016 postridie
931 955 994 1005 ratio
1019 960 1044 1006 et
1065 955 1129 1006 fossa
1141 956 1221 1008 locum
1240 957 1350 1009 riderent
1364 960 1499 1020 munitum,
1512 961 1546 1009 ul·

796 1022 870 1072 terius
887 1025 1068 1087 periclitandum
1086 1039 1134 1076 non
1146 1026 1191 1076 rati
1207 1025 1300 1077 Eiidem
1319 1027 1449 1078 redierunt.
1482 1033 1547 1080 cum

794 1093 914 1143 Arcadum
945 1095 1066 1158 principes
1092 1097 1193 1159 pecunia
1219 1097 1352 1161 olympicis
1376 1099 1452 1149 sacris
1469 1099 1548 1150 dicata

794 1163 950 1214 abuterentur
960 1165 991 1215 ad
1006 1167 1182 1218 numerandum
1193 1169 1295 1231 liparitis
1304 1169 1464 1232 stipendium,
1480 1173 1547 1220 lilan-

795 1232 914 1285 tinesnsas
924 1235 1009 1299 primi,
1020 1241 1075 1300 post
1086 1244 1112 1288 et
1122 1238 1163 1288 alii
1174 1239 1231 1288 huic
1242 1239 1365 1301 sacrilegio
1373 1240 1491 1290 obsistere
1500 1254 1546 1290 cm·

794 1309 890 1366 perant.
925 1306 985 1356 ilinc
1003 1307 1082 1369 magni
1100 1313 1190 1360 motus.
1223 1313 1284 1360 Nam
1303 1309 1337 1360 iiii
1353 1311 1433 1360 acrius
1447 1324 1545 1360 cansam

794 1375 872 1424 acturi
889 1376 1058 1426 Thebanorum
1076 1377 1165 1428 auxilia
1182 1381 1315 1442 requirunt.
1349 1381 1451 1430 Publice
1467 1386 1548 1432 tamen

794 1443 891 1494 decreto
902 1447 1008 1496 Thebani
1019 1447 1095 1510 rogati
1109 1452 1178 1506 sunt,
1188 1462 1218 1499 ne
1225 1449 1277 1512 jam
1285 1451 1367 1513 copias
1376 1451 1402 1500 in
1422 1451 1548 1500 Arcadiam

795 1513 1285 1580 miturmt,erpaxccmslclsrestituca
1293 1525 1340 1570 est.
1372 1524 1427 1570 tam
1436 1522 1548 1572 convivia

795 1585 873 1634 securi
885 1589 910 1635 et
920 1585 969 1636 lari
985 1589 1072 1648 'tegere
1082 1587 1243 1638 celebrabant
1274 1589 1322 1640 sed
1334 1592 1454 1654 principes
1470 1592 1505 1641 illi
1523 1593 1549 1640 et

794 1653 926 1714 prateolus
936 1654 1036 1718 quidam
1051 1657 1220 1708 Thebmorum
1238 1673 1312 1722 quam
1330 1661 1446 1722 plurimos
1463 1661 1547 1711 mnri-

794 1724 901 1774 rantium
912 1725 1097 1789 comprehensos
1104 1728 1129 1776 in
1138 1728 1273 1779 custodiam
1284 1730 1413 1781 dcxemnt.
1447 1731 1549 1782 Plurimi

794 1797 875 1844 autem
883 1794 991 1859 inprimis
1000 1797 1262 1864 hlautinceosium,qui
1269 1805 1357 1863 praeter
1366 1807 1458 1851 ceteros
1468 1807 1549 1852 custo-

795 1862 841 1912 dhi
858 1865 991 1928 debebant,
1007 1880 1064 1918 cum
1080 1867 1155 1931 clapsi
1172 1873 1267 1929 essem,
1286 1882 1327 1920 res
1345 1868 1413 1920 aliter
1431 1875 1503 1934 atque
1514 1870 1549 1920 illi

796 1932 936 1994 voluerant,
948 1936 1042 1986 cecidit.
1077 1938 1191 2000 inprimis
1202 1939 1333 1988 Thebanus
1346 1936 1386 1987 ilie
1403 1939 1435 1988 ab
1454 1941 1548 1990 Arcadi·

795 2001 916 2054 busdorni
930 2012 1056 2057 accusatus
1073 2007 1204 2056 laborabat.
1237 2007 1285 2059 Sed
1300 2009 1478 2071 Epaminondas
1496 2010 1550 2072 eius

795 2085 876 2123 caussa
887 2074 971 2126 iacens
988 2075 1076 2126 durum
1092 2077 1159 2127 dedit
1176 2078 1262 2140 legatis
1279 2091 1437 2142 responsum
1457 2079 1550 2130 behum

795 2144 901 2195 hmotios
912 2146 1021 2197 Arcadia
1037 2147 1160 2208 illatums,
1171 2148 1236 2212 quod
1253 2149 1304 2198 sinc
1322 2149 1430 2212 ipsorum
1448 2151 1549 2200 auctori·

796 2218 845 2264 tata
853 2229 937 2278 pacem
952 2216 1072 2266 fecissent.
1086 2245 1117 2254 —
1126 2221 1184 2267 cra.
1196 2221 1227 2268 V.
1239 2219 1418 2281 Epaminondas
1429 2229 1485 2273 cum
1501 2221 1549 2282 pri·

796 2298 864 2334 mum
880 2286 959 2348 potuit
975 2300 1031 2336 cum
1049 2287 1121 2336 sociis
1139 2287 1235 2338 hansiit
1250 2289 1275 2338 in
1296 2289 1502 2352 Peloponnesum,
1524 2295 1549 2340 et

795 2353 885 2410 frustra
896 2359 1042 2417 exspectatis
1051 2357 1250 2418 Atheniensibus,
1260 2371 1323 2422 quos
1332 2359 1471 2422 intercipere
1483 2361 1549 2422 cogi-

796 2423 992 2488 tabat‚Tegeam
1008 2426 1129 2490 profectus
1147 2431 1193 2477 est.
1228 2428 1272 2478 liic
1290 2428 1450 2478 ubiaudieral
1468 2430 1547 2492 Agesi-

796 2493 916 2557 lcumy'am
926 2495 998 2544 domo
1007 2510 1064 2546 cum
1071 2497 1146 2560 copiis
1160 2499 1262 2559 exiisse,
1274 2503 1339 2548 recta
1347 2498 1471 2548 contendit
1480 2503 1549 2563 spar-

795 2565 860 2624 tam,
872 2577 945 2627 quam
961 2578 1062 2615 vacuam
1073 2573 1214 2630 occupasset
1225 2568 1271 2618 nisi
1285 2570 1410 2631 Agesilaus
1423 2583 1449 2618 re
1467 2569 1549 2620 audita

796 2637 890 2684 mature
910 2637 1060 2686 recurrisset.
1093 2640 1130 2686 Ad
1157 2637 1240 2688 urbem
1265 2643 1346 2688 autem
1371 2639 1550 2702 Epaminondas

796 2705 902 2755 conflixit
917 2706 1023 2756 infausto
1038 2709 1127 2769 blacta,
1145 2713 1218 2772 atque
1237 2708 1293 2758 inde
1319 2709 1428 2760 celeriter
1445 2713 1549 2774 Tegeam

795 2775 879 2834 rediit,
891 2776 972 2825 missis
983 2776 1127 2828 Mantineam
1136 2779 1267 2842 equitibus.
1301 2780 1391 2830 Eodem
1400 2782 1480 2844 paullo
1491 2787 1549 2832 ante

796 2850 911 2895 venerant
920 2847 1102 2898 Atheniensium
1109 2849 1217 2910 equites,
1227 2851 1269 2912 qui
1279 2851 1482 2912 opportunissimo
1490 2856 1548 2900 taor·

796 2927 854 2977 pore
873 2914 988 2964 acerrime
1007 2921 1142 2978 pugnantes
1160 2923 1321 2968 commeatum
1347 2919 1548 2970 namurcensium

796 2987 929 3033 servarunt.
962 2985 1139 3046 ilpaminondas
1150 2987 1189 3036 bis
1197 2993 1324 3050 superatus
1331 2988 1411 3038 delere
1421 2989 1466 3040 hoc
1476 2989 1547 3040 dedc-

795 3067 840 3104 cus
851 3053 964 3104 decrerit.
997 3057 1082 3118 ltaque
1095 3057 1241 3108 confirmatis
1255 3059 1342 3108 animis
1357 3060 1460 3109 militum
1479 3061 1548 3112 seed

795 3136 887 3172 norum
898 3123 1010 3186 proelium
1021 3126 1131 3188 pararit:
1153 3130 1178 3176 et
1194 3128 1285 3178 delusis
1300 3129 1380 3190 aliqua
1398 3131 1548 3182 cunctatione

799 3193 922 3254 hostibus,
934 3195 1041 3244 conferto
1049 3195 1074 3246 in
1083 3197 1153 3246 cunei
1165 3198 1265 3248 formam
1275 3199 1369 3261 agmine
1376 3213 1459 3250 eorum
1469 3201 1547 3251 aciem

796 3264 903 3328 perrupit
917 3268 943 3314 et
957 3264 989 3313 ad
1005 3264 1087 3328 fugam
1106 3267 1230 3332 compulit.
1264 3271 1319 3318 tam
1334 3269 1386 3332 ipse
1403 3271 1468 3320 cadit
1485 3287 1490 3320 :
1510 3272 1549 3321 sui

796 3334 941 3384 victoriaoti
954 3335 1065 3386 nesciunt
1081 3337 1183 3401 :itaque
1201 3351 1215 3388 a
1232 3338 1303 3388 victis
1314 3336 1383 3389 multi
1400 3340 1529 3391 cmduotm
1541 3355 1548 3390 r

796 3403 1007 3466 deniquerictoria
1015 3407 1094 3456 utrius
1103 3409 1177 3469 partis
1186 3408 1259 3458 fuerit
1270 3407 1374 3459 dubitari
1383 3415 1489 3473 emptum
1500 3415 1547 3461 est.

797 3475 910 3524 Ceterum
920 3473 1041 3524 hoctanto
1049 3476 1299 3539 totiuspeneGrmcim
1307 3478 1547 3530 conflictnnihiicon·

796 3541 887 3591 fectum
905 3546 943 3590 est
953 3557 959 3591 :
971 3549 1054 3592 contra
1065 3546 1140 3607 may'or
1152 3559 1226 3610 quam
1243 3552 1299 3598 ante
1315 3547 1392 3600 fumat
1404 3561 1485 3598 rerum
1497 3561 1548 3612 per·

796 3611 901 3660 turbatio
910 3613 1011 3662 exstitit.

1081 3761 1243 3786 -οοκο-

995 3887 1309 3968 AGESILAUS.

766 4057 848 4105 creor
862 4059 881 4104 1.
896 4055 997 4117 Agesilai
1011 4069 1087 4119 genus
1101 4057 1193 4118 nobite;
1208 4058 1292 4121 patria
1306 4058 1411 4122 digrums
1423 4059 1547 4123 ipsumque

796 4125 882 4185 virtus,
896 4125 928 4174 oh
943 4139 1016 4188 qoam
1031 4127 1095 4189 regio
1106 4139 1204 4177 munere
1215 4127 1346 4190 dignusem
1363 4129 1466 4180 habitus.
1500 4133 1548 4182 lies

797 4196 849 4256 eius
866 4195 890 4244 in
907 4197 963 4245 Asia
978 4199 1067 4258 gestan,
1083 4197 1108 4246 io
1124 4197 1212 4260 quibus
1229 4204 1316 4261 prater
1334 4203 1399 4251 artes
1418 4202 1549 4263 militares,

798 4265 975 4328 maximamque
993 4267 1016 4314 in
1036 4267 1098 4316 bello
1117 4267 1283 4329 pmdentiam‚
1302 4269 1415 4332 pietatem
1431 4271 1551 4322 adversus

796 4334 869 4395 deos,
880 4337 1052 4397 contraierant
1062 4337 1214 4388 clementiam
1226 4339 1342 4389 adversas
1351 4341 1460 4390 homines
1469 4347 1548 4394 osten

796 4405 846 4467 dit,
859 4404 1002 4455 modestiam
1013 4405 1116 4469 denique
1132 4407 1249 4458 adversus
1265 4411 1421 4472 magistratus
1436 4411 1549 4461 Lacedae·

796 4473 931 4524 monimum
947 4475 1027 4538 ipsum
1037 4478 1211 4527 revocantium.
1244 4479 1347 4530 Additur
1359 4481 1389 4530 ad
1405 4482 1451 4532 has
1465 4482 1548 4532 laudes

797 4541 865 4604 iilud,
875 4545 940 4607 quod
948 4547 1099 4596 concordiam
1107 4548 1132 4597 in
1142 4547 1279 4598 civitatibus
1287 4553 1426 4600 Grrecorum
1438 4551 1548 4602 Asiaticis

796 4615 973 4664 restauraverit.
983 4619 1071 4666 -cra
1082 4620 1115 4667 lt.
1126 4618 1207 4680 copiis
1214 4618 1239 4667 in
1249 4623 1369 4683 Europam
1378 4621 1483 4681 traiectis
1491 4633 1547 4670 cum

796 4682 820 4730 in
831 4683 915 4734 itinere
929 4697 944 4733 a
955 4687 1055 4736 limotiis
1066 4701 1197 4750 eorumque
1207 4689 1279 4738 sociis
1290 4691 1458 4750 lacesseretur,
1467 4690 1512 4739 hos
1521 4689 1547 4740 in

796 4753 877 4814 fugem
886 4755 995 4818 coniecit.
1029 4757 1113 4806 Paullo
1123 4765 1177 4821 post
1188 4759 1219 4807 ad
1228 4763 1360 4810 Coroneam
1370 4759 1468 4811 eosdem
1479 4762 1546 4822 gravi

796 4824 878 4886 praelio
889 4825 959 4887 rictt,
975 4829 1000 4875 et
1016 4827 1098 4877 salros
1118 4829 1188 4878 rediit
1204 4829 1228 4877 in
1247 4831 1356 4892 patriam.
1388 4829 1442 4879 Pari
1459 4829 1547 4882 virtute

796 4893 886 4942 beilum
902 4899 986 4958 postea
1003 4897 1078 4958 gessit
1090 4911 1146 4947 curn
1159 4899 1252 4960 Argivis
1268 4898 1454 4948 otaliisGrsecis
1464 4899 1546 4950 civim

795 4963 870 5013 tibus.
905 4968 991 5015 Postea
1011 4980 1068 5016 cum
1087 4969 1323 5018 Lacedaemoniorum
1338 4981 1376 5018 res
1394 4981 1473 5030 pugna
1488 4973 1546 5020 Lera

796 5034 869 5082 ctrica
876 5035 1009 5086 concidisse
1017 5037 1167 5098 riderentur,
1176 5041 1255 5088 iernen
1263 5051 1348 5086 rursus
1360 5043 1448 5100 praeter
1455 5040 1545 5102 opinio·

796 5115 851 5152 acm
874 5105 956 5154 trostes
975 5110 1013 5156 est
1033 5105 1108 5158 ultam
1141 5110 1230 5158 contra
1247 5107 1346 5158 eosdem
1365 5108 1443 5172 ipsam
1461 5110 1545 5162 urbem
