3394 5626
31 411 35 424 Ι
406 335 602 398 fflSTORIAE
622 335 775 398 GRAECAE
795 337 1046 400 ARGUMENTA.
1463 335 1524 408 xvi]

18 460 724 526 mimitedierraaaruehumyniphrldamautemadrersust
775 466 821 530 piis
839 467 1034 518 sacedemcasoa
1055 466 1134 529 insit,
1156 467 1289 531 presertim
1310 479 1367 516 curn
1393 463 1526 516 'seleutiam

19 531 111 578 sartha.
139 529 390 584 scdsesaeeseaacati
405 533 583 585 subsidiorum
600 534 703 586 navibus

20 599 86 646 alcun
93 601 213 662 seleutiam,
221 601 373 652 stbemeaees
380 604 497 654 adversus
505 605 559 654 iilos
569 605 703 666 Thrasybu-

21 670 57 714 hn
80 669 112 718 llic
119 671 194 719 saissa
201 672 280 722 uncto
288 673 407 722 Thracum
416 687 484 736 reges
493 673 639 724 dissidentes
648 687 702 724 con·

22 739 88 799 citarit,
102 745 122 788 et
136 741 210 792 uude
227 743 337 804 llyaantio
353 749 379 793 et
399 745 548 794 dhaloeloue
566 747 704 806 recuperata

23 809 88 856 hun
96 811 202 871 navigatet
213 813 341 874 llylileais,
353 829 409 877 quse
421 817 472 866 sole
485 816 542 864 urbs
553 815 704 866 Atheniensi·

22 877 49 924 hu
57 879 89 926 ila
97 887 211 943 raraserat,
222 885 363 934 confirmatis
372 885 403 934 ad
414 885 579 947 Methymnam
592 884 703 934 haemer-

21 949 150 1000 asserere
178 956 203 1001 ln
215 953 355 1017 Thrasybuli
366 956 397 1006 ab
407 955 534 1019 Aspendiis
541 956 616 1007 occisi
624 957 705 1006 locum

19 1019 101 1066 suiuus
114 1021 250 1071 Athenienses
261 1025 422 1086 Agyrrhiurn,
435 1031 460 1075 et
473 1027 496 1075 in
508 1027 704 1090 Hellespontum,

20 1087 306 1144 rhmusacahsuarihio
318 1094 381 1146 duce
389 1097 465 1146 multa
474 1097 642 1158 moliebantur,
652 1095 706 1144 nait·

19 1161 52 1204 hut
62 1161 181 1218 lplicatem.
210 1163 255 1220 Qui
266 1168 321 1227 post
335 1165 396 1216 levia
408 1167 493 1230 proelia
505 1181 560 1216 cunr
572 1166 706 1230 accepisset

19 1231 169 1306 terhiumeam
177 1234 224 1283 suia
234 1237 384 1288 Antandraun
395 1237 497 1298 abiisse,
507 1244 580 1288 noctu
593 1237 705 1299 Abydum

19 1303 77 1358 cayeu
88 1307 107 1350 et
119 1303 240 1354 moenem
255 1320 283 1356 er
303 1307 396 1358 insidiis
413 1309 541 1372 oppressit.
573 1307 706 1358 Anaxibiae

18 1381 51 1428 'ld
60 1371 126 1422 luite
136 1387 231 1436 pugruns
243 1377 330 1426 cecidit
345 1393 351 1426 :
368 1379 421 1442 ey'us
433 1384 514 1430 autem
528 1379 605 1443 copie
618 1377 706 1443 partim

19 1435 53 1498 ap
61 1440 125 1504 thiae
132 1446 207 1507 polim
217 1459 286 1497 cesae
295 1453 363 1498 suut

225 1599 343 1661 LIBER
364 1600 400 1661 V.

13 1735 49 1778 har
61 1737 73 1782 l
84 1737 181 1799 &udas
194 1745 428 1796 ueedmnoalcrnm
443 1745 562 1810 permissa
579 1757 612 1796 ex
628 1745 707 1795 Attica

20 1803 79 1884 stlat
86 1814 163 1869 etates
170 1821 303 1877 oppnmaat
314 1817 480 1867 Athenienses.
503 1820 596 1868 llorum
606 1815 707 1866 dassem

21 1873 368 1948 lsiutcslaoedemoaiastugat.
401 1889 510 1936 Honores
518 1886 706 1936 Teleutiaeemi·

21 1941 142 2025 libcshtbiti.
170 1955 287 2004 Successit
297 1957 321 2005 ei
335 1957 436 2017 hierax,
449 1960 473 2006 et
484 1956 541 2006 huic
556 1957 707 2018 Antalcidas,

22 2017 166 2070 anselmae
176 2025 246 2074 mittit
254 2025 379 2088 Abydum.
410 2027 708 2091 luteumliunomusprae·

22 2079 68 2131 leus
78 2089 140 2139 clusis
153 2093 329 2146 Atheniensium
340 2111 396 2147 cum
411 2097 442 2147 ab
453 2099 536 2160 Amne
547 2103 620 2147 noctu
631 2098 708 2162 prote·

22 2157 55 2198 stra
61 2157 133 2208 Athen
139 2163 259 2224 caecaret,
265 2169 391 2228 Gorgopas
401 2167 598 2217 lacedaemonias
605 2181 661 2216 cum
668 2167 708 2217 de·

22 2227 138 2302 mussulae
152 2232 238 2282 nadirc
258 2233 386 2284 hsterraho
409 2237 480 2285 tacita
502 2238 627 2288 insecutus
649 2251 704 2286 eum

21 2299 197 2363 ‘llhlthstcaptis
205 2309 309 2365 qnatsmr
320 2305 458 2355 triremibus
465 2307 573 2368 AEginam
582 2307 652 2356 redit.
665 2310 708 2356 Eo·

22 2356 55 2406 lrn
65 2365 153 2417 thahas
166 2371 247 2424 demde
260 2378 338 2424 noctu
351 2380 437 2425 sactus
452 2375 552 2426 insidias
566 2377 642 2440 pontt.
674 2379 709 2426 lte

22 2433 321 2508 uudrrmsorgcparcum
330 2446 709 2508 AEginetisaliisqueeicccurait:

23 2499 384 2576 ⁶¹¹¹i⁶ttsmnultis1llginetarum
391 2513 563 2580 caditzreliqui
571 2516 707 2578 ffihuglum.

23 2569 240 2646 Termessenses
254 2585 349 2634 missus
357 2597 444 2648 magno
454 2583 559 2643 mmm
572 2587 660 2650 gaudio
668 2601 709 2637 ex·

23 2645 79 2722 naar,
103 2647 137 2696 llio
151 2664 202 2701 cam
218 2653 350 2704 duodecim
368 2655 471 2706 acubus
491 2652 573 2720 meum
592 2658 709 2706 Piraeeum

24 2717 64 2756 'lh
74 2715 159 2769 hyster
168 2735 251 2782 ausas.
266 2725 362 2788 aliquot
373 2727 477 2776 narbas
486 2728 592 2791 abreptis
602 2728 709 2790 mirram

24 2787 429 2860 tteueuesrmadsemuisihus
438 2797 557 2861 stipendia
565 2799 708 2848 numeravit.

24 2851 119 2905 odadun
127 2861 272 2916 Adimleuaes
279 2866 308 2914 in
317 2879 422 2916 errorem
431 2866 522 2917 inducti
532 2868 620 2918 trustra
630 2882 710 2931 perse-

25 2923 94 3000 Q·
125 2932 170 2992 lsse
183 2939 264 2984 cenea
284 2937 465 3000 Thrasybulum
479 2938 640 3000 collytensem
654 2951 710 2988 cum

24 2991 56 3034 “ll
66 2997 169 3050 lumidus
182 3005 253 3068 capit.
292 3009 378 3058 Postea
394 3007 520 3058 navalibus
533 3009 610 3072 copiis
626 3009 660 3058 ita
674 3016 712 3059 est

24 3065 241 3124 uuatuuaanrris
252 3075 381 3126 rideretur
393 3078 479 3128 hahere
489 3080 625 3144 imperium.
656 3083 711 3130 lam

24 3130 125 3186 Messes
133 3145 190 3202 pacis
198 3158 271 3207 quarn
284 3145 343 3196 belli
354 3148 490 3210 cupidiores
502 3149 566 3198 lacti.
600 3150 713 3200 Simulat

25 3193 138 3259 [eumq
147 3217 169 3262 et
181 3217 260 3278 Argu
271 3216 306 3266 de
315 3230 374 3279 paee
387 3218 490 3280 oogltme
500 3224 632 3282 oeperunt.
666 3223 711 3269 lla·

25 3263 65 3316 ⁸³4¹
76 3289 96 3323 ω
105 3283 195 3344 tmpore
207 3286 336 3336 Tiribaaus
350 3285 404 3349 ejus
418 3288 567 3338 condiscaas
579 3303 593 3337 a
609 3303 663 3350 rege
674 3301 711 3338 ac-

26 3345 322 3419 ?''r'hmmaepuerae
333 3364 361 3408 ur
372 3359 677 3410 omnecmceuuaae
687 3364 713 3410 et

25 3409 74 3458 [Tib
84 3423 168 3498 coeptis
180 3429 262 3488 paucis
275 3429 315 3476 sui
332 3433 414 3478 essem
430 3429 498 3490 iuris.
533 3430 645 3480 Placebat
658 3443 712 3480 rnn-

25 3486 149 3556 “ltfflthtt
158 3501 240 3556 prater
254 3497 386 3548 Thebanos
404 3513 485 3561 :quos
495 3505 576 3549 huten
590 3501 713 3562 Agesilaus

26 3542 131 3608 haee,
146 3567 218 3626 aegri
239 3573 268 3617 ur
290 3569 390 3618 amaus
410 3569 550 3620 evanuere
572 3571 712 3634 acescere

26 3617 119 3728 Q
136 3633 183 3683 aar
195 3636 267 3687 moso
283 3639 422 3690 enerues
437 3643 462 3689 e
477 3640 578 3702 Argivas
592 3641 713 3690 eumuna

34 3694 168 3771 musae
179 3733 208 3742 —
218 3711 280 3758 cir.
299 3712 331 3759 u.
344 3710 435 3760 rann
450 3711 530 3760 socies
545 3711 617 3760 suam
633 3711 714 3762 drrbie

27 3763 396 3844 *thedeuammiaradreraera
402 3781 713 3844 coepemntetprimohlan·

13 3830 117 3912 ,heum
135 3846 209 3896 urbere
227 3851 326 3911 perillus
345 3851 502 3900 sustrrlernnt.
543 3854 598 3901 iam
617 3853 714 3902 exsules

13 3895 140 3984 ,Qffllh
153 3919 297 3980 tetnporihus
312 3922 362 3982 nsi,
377 3921 410 3970 ad
423 3921 616 3972 lacedemonios
632 3921 663 3970 de
678 3936 713 3972 re·

29 3963 224 4061 hulltitoulup'ont.
258 3989 291 4040 su
308 4004 350 4054 per
368 3991 459 4053 legatos
473 3993 609 4042 Phliuntem
625 3994 714 4043 missos

28 4047 75 4125 isat
86 4055 107 4128 rt
118 4053 163 4103 lla
176 4061 314 4110 restituant.
358 4061 470 4122 Phliasii,
484 4063 526 4124 qui
543 4067 656 4125 cognatos
674 4077 715 4113 es·

13 4131 15 4158 r
28 4107 171 4194 ”ihdimus
180 4141 257 4180 raum
274 4143 392 4182 novarum
403 4133 525 4182 studiosos
537 4133 661 4194 timerent,
673 4147 715 4184 eos

13 4179 218 4262 restaurarent,
234 4204 260 4249 et
274 4201 305 4248 ils
321 4200 385 4250 bona
399 4214 443 4250 sua
460 4201 555 4266 publice
574 4203 713 4254 restituunt.

13 4277 14 4316 t
28 4246 73 4300 [Ἢ
82 4263 168 4313 sesahc
177 4271 201 4316 et
215 4271 341 4333 Apollonia
352 4272 419 4322 misai
432 4273 627 4323 lacedemoniam
640 4275 713 4336 olyn-

13 4318 239 4398 yhuohnmrem
249 4343 460 4404 serentesque
471 4343 568 4405 mareau
578 4345 664 4395 cura
674 4346 715 4394 rm-

13 4401 15 4476 !
29 4395 201 4474 maturandum.
232 4411 320 4460 Statim
331 4412 404 4474 igitur
413 4413 588 4464 lacedemonii
599 4415 716 4465 aduersus

13 4491 14 4544 r
30 4456 135 4522 beers
151 4477 304 4531 sudamidann
322 4495 377 4530 mm
393 4484 481 4546 copiis,
500 4498 561 4546 quas
576 4498 590 4536 e
606 4486 716 4548 proximo

13 4545 15 4566 '
32 4535 197 4606 Rapum,
208 4555 232 4600 et
244 4550 316 4611 hujus
328 4551 425 4602 tratrem
444 4567 500 4602 curu
513 4553 612 4616 reliquis
625 4554 718 4606 Phoebi·

13 4659 14 4664 ,
29 4604 58 4644 ‘⁶³
66 4607 243 4686 &equitabant
278 4621 322 4672 llic
334 4635 391 4672 cum
401 4623 559 4686 processisset
569 4624 599 4674 ad
611 4625 716 4686 Thebas,

13 4675 14 4716 l
30 4675 59 4718 *ἦ
70 4683 258 4762 melimela
274 4691 338 4743 erili
350 4695 403 4741 tuns
419 4691 556 4754 laborabat,
574 4693 717 4744 leontiades

13 4723 15 4810 l
31 4738 85 4834 Ψ
99 4747 192 4805 ‘ethonis
208 4761 317 4824 prinoeps
335 4761 357 4811 ei
375 4775 455 4812 arcem
474 4761 573 4812 tradidit
590 4767 616 4812 et
630 4762 718 4814 deinde

31 4813 90 4918 {¹⁶¹¹
117 4822 269 4880 decadam
284 4835 311 4881 ut
327 4833 412 4896 patrie
431 4833 525 4884 hostem
542 4833 650 4884 abstrald
664 4833 717 4896 J'us·

71 4883 231 4948 immam
244 4904 361 4962 Spartam.
394 4903 595 4964 Lacedaemoniis,
614 4909 638 4954 et
658 4909 719 4967 Aga·

33 4940 167 5038 Qudne
184 4967 227 5016 isc
246 4969 334 5021 raram
355 4971 477 5035 haene
495 4975 660 5037 maenaque
675 4975 717 5037 qu

13 5063 15 5084 t
35 5019 265 5092 'multiplicareris
297 5045 348 5092 lice
360 5043 484 5094 interiecto
502 5045 645 5096 leontiades
660 5058 717 5096 cum

37 5093 226 5160 “hmines
239 5111 330 5174 mars
347 5113 377 5164 aa
390 5113 482 5166 unum
494 5115 663 5184 creonam
680 5129 718 5168 aa

775 537 877 598 Agesilai
894 539 991 588 tratrem
1007 539 1156 588 harmastam
1171 539 1301 588 misissent.
1334 535 1461 600 expeditio
1474 535 1527 597 ipsa

775 605 875 658 feliciter
891 609 977 668 ceseii,
987 613 1013 658 et
1023 621 1171 670 quamquam
1189 607 1258 656 initio
1273 605 1346 656 dubia
1362 605 1440 654 luerat
1454 603 1527 652 victo-

775 675 812 725 ria
821 676 912 727 sortiter
925 679 1087 742 pugnantibus
1102 678 1236 740 Olynthiis,
1253 679 1399 727 tamencum
1415 674 1527 738 praelium

776 758 850 808 pmpe
860 747 944 796 urbem
961 748 1157 808 remunitteretur,
1173 747 1359 809 viderenturque
1376 743 1527 794 saoedarmo·

777 815 810 864 nii
821 829 876 866 esee
887 817 1014 882 irrupturi,
1029 823 1154 868 ceoeemnt
1163 817 1260 868 undem
1274 812 1394 879 Olynthii,
1407 818 1432 862 et
1445 812 1528 862 multis

778 895 877 935 suorum
888 888 985 937 emissis
993 887 1018 936 in
1027 886 1111 937 urbem
1121 900 1148 938 se
1159 891 1308 948 receperunt.
1317 912 1349 921 -
1360 888 1418 935 Cae.
1429 887 1472 932 lll.
1484 885 1529 932 Te-

777 954 863 1006 leutias
878 971 935 1008 cum
950 958 981 1007 ad
996 957 1126 1008 vastandos
1143 958 1311 1020 olyutbiorum
1329 969 1398 1019 agros
1417 964 1529 1016 egressrm

778 1025 892 1076 audacius
903 1040 987 1076 eorum
1001 1028 1095 1090 equites
1108 1041 1235 1078 excurmre
1251 1027 1365 1088 vidisset,
1382 1025 1460 1089 primo
1475 1023 1528 1072 Tle-

778 1096 901 1146 menidam
918 1098 944 1147 in
957 1111 999 1148 eos
1014 1099 1131 1160 impetum
1150 1098 1227 1149 lacere
1243 1099 1326 1162 y'ubet,
1343 1109 1401 1146 mox
1419 1107 1474 1146 cum
1490 1093 1530 1142 hio

778 1167 861 1216 multia
880 1182 978 1218 sucrum
1002 1169 1098 1218 amissis
1116 1168 1255 1230 cecidisset,
1283 1170 1402 1232 ipsecum
1417 1164 1530 1216 oanibm

779 1237 855 1298 copiis
865 1252 907 1289 eos
922 1237 953 1288 ad
966 1251 1049 1290 muros
1058 1253 1135 1302 usque
1153 1239 1314 1303 persequitur.
1346 1238 1394 1288 sed
1405 1247 1530 1298 erumpen-

780 1309 816 1354 tes
827 1306 934 1369 0lynthil
950 1323 1006 1359 eum
1020 1313 1174 1374 praetemunt
1188 1308 1431 1372 Lacedaemoniosque
1446 1316 1531 1354 ourncs

778 1376 865 1437 pathus
875 1377 930 1442 iuga
939 1378 1073 1442 disjiciunt,
1089 1379 1176 1444 partim
1191 1379 1329 1430 concidunt.
1361 1379 1475 1440 hlajcrem
1489 1387 1529 1438 po·

779 1449 830 1496 stea
840 1447 954 1499 adversus
964 1450 1093 1512 Olynthios
1102 1451 1234 1501 exordium
1246 1450 1308 1500 duce
1317 1447 1468 1512 Agesipolide
1476 1445 1532 1494 nlt-

779 1520 842 1566 tunt.
874 1521 973 1570 luerim
989 1520 1086 1571 Phliasil
1106 1534 1163 1570 cum
1185 1521 1309 1572 exsulibus
1328 1520 1399 1569 tidem
1414 1527 1531 1578 nauprae-

780 1589 1153 1649 sterent,ldedi.acedaemonios
1161 1585 1531 1654 mniuglunteosqueedbellum

779 1657 890 1708 mdhnt.
923 1663 976 1710 ianr
992 1662 1115 1724 Agesilaus
1133 1661 1270 1712 Phliuntem
1283 1659 1379 1710 obsidet
1396 1663 1422 1708 et
1445 1654 1530 1706 callide

780 1725 924 1790 benignitate
933 1732 1079 1782 accesserim
1088 1733 1200 1782 mulum
1210 1731 1273 1782 elicit
1285 1745 1314 1780 ex
1326 1731 1386 1780 urbe
1401 1733 1425 1779 et
1437 1728 1468 1778 ad
1478 1739 1521 1790 par

780 1802 818 1847 tes
829 1812 887 1850 ruas
900 1801 1010 1852 traducit.
1042 1806 1135 1852 luteres
1152 1802 1281 1866 Olynthios
1298 1805 1370 1852 venat
1386 1796 1532 1862 Agesipolis;

780 1869 823 1918 aed
843 1871 915 1932 paulo
932 1876 987 1935 post
1004 1873 1089 1922 morbo
1119 1877 1229 1924 munaus
1249 1873 1351 1923 relertsu
1376 1872 1400 1920 ia
1418 1868 1530 1932 patriam.

780 1939 893 1992 Phliunte
902 1943 1019 2006 Delphica
1038 1943 1136 2006 quidam
1146 1957 1201 1993 oum
1221 1943 1334 1994 trecentis
1344 1942 1386 1991 diu
1395 1939 1532 1990 obsidentes

781 2015 866 2064 vexat:
876 2013 919 2062 sed
929 2013 1024 2063 undem
1033 2013 1133 2076 penuria
1144 2015 1224 2064 emtus
1233 2013 1319 2076 egilde
1326 2012 1456 2062 deditione.
1489 2012 1532 2058 ba·

781 2081 982 2133 cedoemoniorum
1002 2083 1088 2133 ciritae
1109 2088 1185 2133 totam
1207 2097 1259 2133 rein
1283 2082 1405 2134 commisit
1430 2077 1532 2143 Agesilai

781 2151 886 2202 arbitrio.
918 2154 963 2203 llic
984 2167 1131 2217 quamquam
1147 2153 1251 2204 debebat
1271 2167 1324 2204 esse
1342 2154 1434 2212 iratior,
1451 2155 1532 2200 umen

781 2234 868 2284 magna
877 2222 1026 2274 humanitate
1035 2223 1152 2274 adversus
1164 2223 1282 2274 Phliasios
1293 2237 1322 2273 ea
1331 2226 1356 2272 ln
1372 2237 1399 2272 re
1411 2234 1471 2271 usus
1484 2223 1530 2269 est.

782 2292 889 2354 Olynthii
905 2294 930 2342 in
950 2294 1022 2344 tidem
1038 2295 1135 2357 recepti.
1153 2321 1185 2330 -
1202 2297 1261 2344 car.
1280 2297 1323 2344 lv.
1339 2292 1459 2343 Thebanis
1474 2303 1534 2340 aero

782 2376 877 2424 poellttm
899 2365 1018 2414 dederunt
1045 2365 1229 2414 Lacedaemonii.
1260 2369 1321 2415 llam
1340 2365 1410 2427 pauci
1433 2361 1532 2425 quidam

782 2433 891 2484 Thebani
907 2435 969 2484 clam
989 2435 1051 2485 lacta
1066 2435 1240 2498 conspiratione
1257 2435 1344 2486 occisis
1359 2434 1467 2497 tyrannis
1486 2437 1533 2484 Ga·

782 2501 878 2553 duraarn
890 2519 945 2555 oum
958 2506 1142 2556 Atheniensibus
1160 2506 1243 2556 accitis
1257 2506 1372 2556 invadunt
1387 2509 1412 2554 et
1425 2503 1534 2554 Lacedae

782 2575 917 2624 moniomm
924 2577 1063 2639 praesidium
1072 2577 1102 2626 ad
1112 2577 1359 2638 deditionemcogunt.
1387 2579 1464 2626 Morte
1473 2574 1532 2624 mul·

783 2647 834 2693 tant
853 2646 1025 2696 samoemoaii
1041 2649 1187 2698 harmcslam
1203 2649 1244 2712 qui
1260 2647 1392 2698 Cadmeam
1411 2646 1534 2696 Thebanis

783 2722 926 2772 reddiderat.
959 2727 1014 2774 lam
1024 2737 1081 2775 vero
1089 2739 1146 2775 cum
1154 2725 1277 2788 Agesilaus
1286 2729 1382 2775 etatem
1391 2727 1533 2785 excusaret,

783 2792 899 2842 adversus
917 2794 962 2844 hos
982 2795 1071 2844 bellum
1090 2795 1242 2846 cleombroto
1257 2795 1380 2844 madunt.
1414 2795 1533 2852 Quicum

784 2862 832 2913 lere
846 2864 904 2913 nibil
914 2865 1015 2926 egisset,
1031 2865 1127 2928 reliquit
1135 2865 1247 2929 ‘Thespiis
1262 2879 1320 2916 cum
1329 2865 1399 2915 tertia
1415 2865 1534 2914 sociorum

784 2937 851 2996 parte
864 2935 1004 2998 sphodriam
1014 2935 1174 2996 harmostam,
1186 2935 1334 2998 domumque
1344 2935 1423 2984 rediit.
1457 2935 1533 2984 Inusi-

785 3005 941 3067 tatapmcella
950 3007 974 3055 in
983 3006 1035 3067 ey'us
1048 3005 1135 3056 reditu.
1168 3005 1275 3056 Thebani
1284 3019 1314 3054 ne
1328 3005 1373 3054 soll
1388 3005 1477 3054 bellum
1493 3005 1533 3055 ha·

784 3073 868 3123 beraut
883 3089 939 3124 curn
955 3075 1141 3124 Lacedaemoniis
1160 3074 1300 3136 Sphodriam
1317 3079 1489 3136 corruperunt,
1507 3080 1535 3125 ut

784 3145 810 3192 lu
818 3145 919 3194 Atticam
930 3145 1079 3208 irmmperet.
1111 3147 1163 3196 lloo
1172 3145 1213 3195 ille
1226 3144 1374 3194 lacitlnscils
1382 3145 1534 3195 Lacedaemo

784 3214 844 3275 niis,
854 3221 926 3278 atque
942 3217 1084 3276 arcessitus,
1094 3230 1150 3267 cum
1166 3217 1191 3265 in
1206 3215 1297 3278 judicio
1307 3215 1403 3278 capitali
1412 3229 1460 3264 uon
1473 3231 1536 3266 com·

785 3286 918 3348 parauisset,
928 3291 1008 3336 umen
1018 3287 1050 3336 ob
1065 3287 1168 3337 virtutes
1185 3291 1210 3338 et
1223 3288 1310 3337 merita
1325 3287 1350 3336 in
1361 3287 1477 3349 patriam,
1497 3288 1535 3338 vel

785 3357 866 3420 potius
882 3357 1025 3421 deprecante
1036 3357 1102 3421 apud
1112 3357 1249 3421 Agesilaum
1267 3357 1424 3417 Archidamo,
1440 3359 1534 3409 absolu·

786 3431 826 3478 tus
845 3432 890 3478 est.
924 3429 1061 3479 commovit
1084 3428 1130 3478 hoc
1150 3429 1307 3478 Athenienses
1325 3429 1411 3490 etjam
1430 3430 1535 3479 Boeotios

785 3499 850 3548 omni
859 3513 905 3562 cpe
918 3499 1038 3560 jurarent.
1071 3499 1246 3549 lacedemonii
1257 3501 1339 3548 autem
1354 3511 1438 3548 rursus
1454 3501 1535 3561 Agesi-

787 3568 825 3618 lao
839 3569 901 3619 ‹lrrra
916 3569 1006 3619 bellum
1023 3571 1108 3620 iisdem
1126 3569 1239 3618 inierunt.
1273 3569 1320 3619 sed
1336 3569 1436 3618 hicnon
1453 3571 1536 3620 mullis

787 3639 859 3688 rebus
865 3640 938 3701 gestis
944 3640 1043 3690 domum
1054 3641 1136 3700 rediit,
1146 3640 1257 3703 Thespiis
1267 3639 1348 3689 relicto
1356 3639 1470 3689 Pirenida
1482 3641 1536 3691 liar-

786 3715 873 3760 mosta.
907 3712 1149 3775 lllcprinromultum
1167 3711 1217 3772 agri
1234 3710 1343 3760 recubat
1358 3711 1536 3762 Thebanorum.

786 3779 833 3830 Sed
843 3780 874 3830 ad
886 3794 989 3843 pugnam
1000 3781 1106 3832 Thebani
1122 3781 1222 3844 pmlecti
1236 3794 1292 3830 eum
1308 3785 1462 3842 prosternunt
1475 3782 1537 3844 ejus·

786 3863 834 3914 que
850 3853 984 3902 exereitum
1006 3851 1102 3902 cedunt
1117 3856 1142 3901 et
1159 3853 1250 3914 lirgant.
1283 3851 1409 3922 Agesilaus
1425 3857 1537 3916 suscepta

786 3920 903 3971 adversus
919 3922 1014 3972 Thebes
1031 3921 1183 3985 expeditione
1201 3921 1326 3971 simularat
1344 3933 1370 3970 ae
1383 3921 1460 3984 primo
1476 3923 1537 3971 The·

787 3988 851 4052 apiae
867 3995 1004 4040 ventumm.
1035 3994 1087 4042 lice
1108 3991 1167 4040 laiso
1184 3991 1268 4040 nuntio
1286 3991 1380 4053 decepit
1395 3991 1539 4051 Thebanos,

787 4061 810 4108 et
823 4057 868 4108 alia
878 4059 931 4109 loca
947 4066 1020 4123 atque
1028 4061 1074 4124 ipsi
1084 4064 1196 4124 putarant
1212 4062 1334 4122 ingressus
1345 4062 1421 4111 multa
1432 4061 1537 4126 depopu-

788 4127 851 4178 latus
865 4132 915 4189 est,
925 4129 1065 4194 priusquam
1076 4131 1109 4180 illi
1121 4130 1194 4180 rebus
1204 4131 1254 4180 suis
1264 4130 1372 4180 subsidio
1383 4133 1465 4182 venire
1484 4147 1538 4196 pos·

788 4204 851 4249 sent.
884 4201 975 4250 Deinde
990 4215 1046 4252 cum
1061 4201 1232 4262 accessissent,
1255 4213 1340 4251 versus
1361 4201 1425 4264 ipsas
1442 4203 1539 4254 Thebas

788 4267 917 4319 dedectens
931 4283 974 4320 ecs
982 4271 1101 4333 permovit
1117 4275 1145 4320 ut
1162 4285 1233 4320 oman
1249 4271 1279 4320 ad
1292 4271 1376 4321 urbem
1394 4287 1480 4333 niagno
1500 4287 1539 4322 an·

789 4337 863 4388 tractu
875 4339 1053 4390 couteaderent.
1087 4340 1180 4391 sciritre
1195 4353 1237 4390 eos
1248 4355 1326 4404 usque
1337 4341 1368 4390 ad
1378 4342 1466 4392 moenia
1483 4355 1535 4406 per·

783 4409 879 4471 muti,
896 4411 1071 4460 revertentibus
1084 4411 1140 4460 inrle
1158 4411 1294 4472 Thebanis,
1310 4411 1419 4462 celeriter
1434 4427 1461 4463 se
1480 4414 1540 4463 reci·

789 4480 866 4543 piunt.
899 4485 1028 4544 Troprcaur
1039 4481 1111 4542 igitur
1119 4485 1228 4531 statuunt
1239 4481 1356 4532 Thebani.
1389 4487 1488 4533 Postero
1498 4483 1539 4533 die

788 4550 911 4612 Agesilaus
922 4549 1113 4614 abiitl'hespiaa.
1147 4552 1182 4601 lbi
1192 4552 1327 4602 discordias
1337 4554 1421 4603 civiles
1431 4553 1539 4612 sedauit,

789 4623 813 4669 et
825 4619 880 4669 inde
891 4633 947 4668 cum
963 4620 1122 4670 suisdomum
1138 4625 1176 4672 est
1193 4623 1323 4685 proiectus.
1357 4624 1463 4674 Thebani
1480 4623 1541 4671 duas

790 4693 898 4742 triremes
909 4691 1029 4741 tramenta
1039 4693 1256 4742 emtumemittunt
1271 4697 1383 4756 Pagasas.
1416 4697 1466 4743 llas
1484 4703 1540 4740 eum

789 4762 908 4812 frumento
927 4767 951 4811 et
964 4763 1075 4812 trecentis
1092 4763 1229 4813 homiuibus
1246 4765 1310 4827 capit
1325 4765 1421 4814 Alcetas
1432 4759 1541 4812 Lacedae·

789 4833 884 4884 monins
892 4836 981 4884 Oreum
992 4833 1092 4884 sabee
1101 4838 1186 4884 teneus
1195 4837 1326 4896 captosque
1334 4835 1359 4883 iu
1370 4847 1425 4883 arce
1432 4830 1540 4881 includit.

791 4903 839 4956 sel
850 4903 1002 4954 commodam
1014 4905 1078 4954 nacti
1089 4905 1239 4955 occasionem
1252 4904 1298 4967 ipsi
1310 4916 1391 4952 arcem
1402 4906 1521 4964 occupant
1534 4917 1541 4950 :

789 4989 839 5038 quo
857 4975 920 5024 hoto
939 4975 1024 5024 civitas
1039 4975 1128 5025 deiecit
1145 4989 1159 5024 a
1177 4973 1378 5032 hacedsemcuiis,
1400 4985 1479 5035 neque
1491 4985 1541 5022 am·

790 5046 854 5109 plius
876 5045 982 5096 Thebani
1002 5045 1123 5096 frumento
1141 5048 1277 5095 caruerunt.
1310 5043 1409 5092 Alorbus
1430 5043 1541 5107 Agesilai.

791 5115 960 5168 eleonrbrotus
971 5116 1089 5168 adsersus
1104 5116 1200 5168 Thebas
1209 5113 1330 5178 proiectus
1339 5125 1396 5164 cum
1407 5114 1543 5166 cithereae
